day;timestamp;product;bid_price_1;bid_volume_1;bid_price_2;bid_volume_2;bid_price_3;bid_volume_3;ask_price_1;ask_volume_1;ask_price_2;ask_volume_2;ask_price_3;ask_volume_3;mid_price;profit_and_loss
0;0;ASH_COATED_OSMIUM;9995;13;9992;21;;;10011;13;10013;21;;;10003.0;0.0
0;0;INTARIAN_PEPPER_ROOT;10016;25;;;;;10031;9;10034;25;;;10023.5;0.0
0;100;INTARIAN_PEPPER_ROOT;10015;22;;;;;10031;8;10034;22;;;10023.0;0.0
0;100;ASH_COATED_OSMIUM;9995;15;9992;26;;;10011;15;10013;26;;;10003.0;0.0
0;200;INTARIAN_PEPPER_ROOT;10017;9;10014;22;;;10033;22;;;;;10025.0;0.0
0;200;ASH_COATED_OSMIUM;9994;15;;;;;;;;;;;9994.0;0.0
0;300;ASH_COATED_OSMIUM;9994;12;9992;27;;;10013;27;;;;;10003.5;0.0
0;300;INTARIAN_PEPPER_ROOT;10017;8;;;;;10030;8;10033;23;;;10023.5;0.0
0;400;ASH_COATED_OSMIUM;10003;8;9994;12;9991;25;10010;12;10012;25;;;10006.5;0.0
0;400;INTARIAN_PEPPER_ROOT;10016;10;10013;15;;;10029;10;10032;15;;;10022.5;0.0
0;500;INTARIAN_PEPPER_ROOT;;;;;;;10029;9;10032;19;;;10029.0;0.0
0;500;ASH_COATED_OSMIUM;9994;11;9991;22;;;10010;11;;;;;10002.0;0.0
0;600;INTARIAN_PEPPER_ROOT;10015;11;10012;23;;;10031;23;;;;;10023.0;0.0
0;600;ASH_COATED_OSMIUM;9994;13;9991;25;;;10010;13;;;;;10002.0;0.0
0;700;ASH_COATED_OSMIUM;9994;11;9991;23;;;10012;23;;;;;10003.0;0.0
0;700;INTARIAN_PEPPER_ROOT;10015;9;10012;24;;;10028;9;10031;24;;;10021.5;0.0
0;800;ASH_COATED_OSMIUM;;;;;;;;;;;;;0.0;0.0
0;800;INTARIAN_PEPPER_ROOT;10014;8;10011;20;;;10027;8;;;;;10020.5;0.0
0;900;INTARIAN_PEPPER_ROOT;10010;25;;;;;10026;8;10029;25;;;10018.0;0.0
0;900;ASH_COATED_OSMIUM;9992;12;9990;21;;;10008;12;10011;21;;;10000.0;0.0
0;1000;INTARIAN_PEPPER_ROOT;10013;10;;;;;10026;10;10029;21;;;10019.5;0.0
0;1000;ASH_COATED_OSMIUM;9990;28;;;;;10009;14;10011;28;;;9999.5;0.0
0;1100;ASH_COATED_OSMIUM;9990;28;;;;;10009;13;;;;;9999.5;0.0
0;1100;INTARIAN_PEPPER_ROOT;10013;11;;;;;10026;11;10029;24;;;10019.5;0.0
0;1200;ASH_COATED_OSMIUM;9993;12;9991;28;;;10009;12;10012;28;;;10001.0;0.0
0;1200;INTARIAN_PEPPER_ROOT;10013;9;10010;22;;;10026;9;;;;;10019.5;0.0
0;1300;INTARIAN_PEPPER_ROOT;10012;12;10009;16;;;10025;12;10028;16;;;10018.5;0.0
0;1300;ASH_COATED_OSMIUM;9993;13;;;;;10009;13;10012;23;;;10001.0;0.0
0;1400;INTARIAN_PEPPER_ROOT;10011;10;10008;17;;;10024;10;10027;17;;;10017.5;0.0
0;1400;ASH_COATED_OSMIUM;9993;10;9990;24;;;10009;10;10011;24;;;10001.0;0.0
0;1500;ASH_COATED_OSMIUM;9992;12;9990;29;;;10008;12;10011;29;;;10000.0;0.0
0;1500;INTARIAN_PEPPER_ROOT;10011;11;10008;16;;;10024;11;10027;16;;;10017.5;0.0
0;1600;ASH_COATED_OSMIUM;9992;14;9990;23;;;10008;14;10011;23;;;10000.0;0.0
0;1600;INTARIAN_PEPPER_ROOT;10010;8;10007;23;;;10023;8;10026;23;;;10016.5;0.0
0;1700;INTARIAN_PEPPER_ROOT;10010;9;10007;15;;;10026;15;;;;;10018.0;0.0
0;1700;ASH_COATED_OSMIUM;9992;13;9990;24;;;10008;13;;;;;10000.0;0.0
0;1800;INTARIAN_PEPPER_ROOT;10009;9;10006;16;;;10025;16;;;;;10017.0;0.0
0;1800;ASH_COATED_OSMIUM;9992;13;;;;;10001;4;10010;28;;;9996.5;0.0
0;1900;ASH_COATED_OSMIUM;9992;15;9990;24;;;10008;15;10011;24;;;10000.0;0.0
0;1900;INTARIAN_PEPPER_ROOT;10008;10;;;;;10021;10;10024;25;;;10014.5;0.0
0;2000;ASH_COATED_OSMIUM;9991;22;;;;;10009;13;10012;22;;;10000.0;0.0
0;2000;INTARIAN_PEPPER_ROOT;10008;12;10005;22;;;10022;12;10025;22;;;10015.0;0.0
0;2100;INTARIAN_PEPPER_ROOT;10008;8;;;;;10021;8;10024;15;;;10014.5;0.0
0;2100;ASH_COATED_OSMIUM;9993;12;9991;25;;;10009;12;10012;25;;;10001.0;0.0
0;2200;INTARIAN_PEPPER_ROOT;10005;23;;;;;10024;23;;;;;10014.5;0.0
0;2200;ASH_COATED_OSMIUM;9991;29;;;;;10009;10;10012;29;;;10000.0;0.0
0;2300;INTARIAN_PEPPER_ROOT;10007;9;10004;25;;;10023;25;;;;;10015.0;0.0
0;2300;ASH_COATED_OSMIUM;9993;14;9991;20;;;10009;14;;;;;10001.0;0.0
0;2400;INTARIAN_PEPPER_ROOT;10006;8;;;;;10019;8;10022;22;;;10012.5;0.0
0;2400;ASH_COATED_OSMIUM;9993;10;9991;25;;;10009;10;10012;25;;;10001.0;0.0
0;2500;ASH_COATED_OSMIUM;9993;14;;;;;10009;14;;;;;10001.0;0.0
0;2500;INTARIAN_PEPPER_ROOT;10006;10;10003;15;;;10019;10;10022;15;;;10012.5;0.0
0;2600;ASH_COATED_OSMIUM;9993;13;9991;20;;;10009;13;10012;20;;;10001.0;0.0
0;2600;INTARIAN_PEPPER_ROOT;10005;8;10002;25;;;10018;8;10021;25;;;10011.5;0.0
0;2700;ASH_COATED_OSMIUM;9993;14;9991;29;;;10012;29;;;;;10002.5;0.0
0;2700;INTARIAN_PEPPER_ROOT;10005;11;10002;19;;;10008;8;10018;11;;;10006.5;0.0
0;2800;ASH_COATED_OSMIUM;9991;22;;;;;10009;11;10012;22;;;10000.0;0.0
0;2800;INTARIAN_PEPPER_ROOT;10004;12;10001;25;;;10017;12;10020;25;;;10010.5;0.0
0;2900;ASH_COATED_OSMIUM;;;;;;;10009;15;10012;21;;;10009.0;0.0
0;2900;INTARIAN_PEPPER_ROOT;10014;8;10004;12;;;10017;12;;;;;10015.5;0.0
0;3000;ASH_COATED_OSMIUM;9993;13;;;;;10009;13;;;;;10001.0;0.0
0;3000;INTARIAN_PEPPER_ROOT;10003;9;10000;21;;;10017;9;10020;21;;;10010.0;0.0
0;3100;ASH_COATED_OSMIUM;9994;10;9991;25;;;10010;10;10012;25;;;10002.0;0.0
0;3100;INTARIAN_PEPPER_ROOT;10003;11;10000;21;;;10016;11;;;;;10009.5;0.0
0;3200;INTARIAN_PEPPER_ROOT;10003;9;10000;25;;;10016;9;;;;;10009.5;0.0
0;3200;ASH_COATED_OSMIUM;9993;12;;;;;10009;12;10012;28;;;10001.0;0.0
0;3300;INTARIAN_PEPPER_ROOT;10002;10;9999;17;;;10018;17;;;;;10010.0;0.0
0;3300;ASH_COATED_OSMIUM;9993;12;9991;26;;;10012;26;;;;;10002.5;0.0
0;3400;INTARIAN_PEPPER_ROOT;10002;12;9999;24;;;10015;12;10018;24;;;10008.5;0.0
0;3400;ASH_COATED_OSMIUM;9993;11;;;;;10009;11;10012;25;;;10001.0;0.0
0;3500;INTARIAN_PEPPER_ROOT;10001;11;9998;25;;;10014;11;10017;25;;;10007.5;0.0
0;3500;ASH_COATED_OSMIUM;9993;10;9991;21;;;10009;10;10012;21;;;10001.0;0.0
0;3600;INTARIAN_PEPPER_ROOT;10000;10;;;;;10013;10;10016;22;;;10006.5;0.0
0;3600;ASH_COATED_OSMIUM;9993;10;9991;30;;;10009;10;10012;30;;;10001.0;0.0
0;3700;ASH_COATED_OSMIUM;9993;15;9991;24;;;10009;15;10012;24;;;10001.0;0.0
0;3700;INTARIAN_PEPPER_ROOT;10000;8;;;;;10016;25;;;;;10008.0;0.0
0;3800;INTARIAN_PEPPER_ROOT;9999;10;9996;19;;;10012;10;;;;;10005.5;0.0
0;3800;ASH_COATED_OSMIUM;9999;5;9993;13;9991;29;10009;13;10012;29;;;10004.0;0.0
0;3900;ASH_COATED_OSMIUM;9993;13;9991;26;;;10009;13;;;;;10001.0;0.0
0;3900;INTARIAN_PEPPER_ROOT;;;;;;;10012;9;10015;25;;;10012.0;0.0
0;4000;INTARIAN_PEPPER_ROOT;9998;12;9995;23;;;10012;12;10015;23;;;10005.0;0.0
0;4000;ASH_COATED_OSMIUM;9991;30;;;;;10012;30;;;;;10001.5;0.0
0;4100;ASH_COATED_OSMIUM;9998;3;9992;14;9990;25;10008;14;;;;;10003.0;0.0
0;4100;INTARIAN_PEPPER_ROOT;9995;25;;;;;10011;8;10014;25;;;10003.0;0.0
0;4200;INTARIAN_PEPPER_ROOT;9998;10;9995;19;;;10011;10;10014;19;;;10004.5;0.0
0;4200;ASH_COATED_OSMIUM;9993;10;;;;;10011;26;;;;;10002.0;0.0
0;4300;ASH_COATED_OSMIUM;9990;24;;;;;10009;12;10011;24;;;9999.5;0.0
0;4300;INTARIAN_PEPPER_ROOT;9997;11;9994;25;;;10013;25;;;;;10005.0;0.0
0;4400;INTARIAN_PEPPER_ROOT;9994;22;;;;;10010;10;10013;22;;;10002.0;0.0
0;4400;ASH_COATED_OSMIUM;9993;10;9990;22;;;10009;10;10011;22;;;10001.0;0.0
0;4500;ASH_COATED_OSMIUM;9990;26;;;;;10009;14;10011;26;;;9999.5;0.0
0;4500;INTARIAN_PEPPER_ROOT;9996;11;9993;15;;;10009;11;;;;;10002.5;0.0
0;4600;INTARIAN_PEPPER_ROOT;9995;9;9992;22;;;10008;9;10011;22;;;10001.5;0.0
0;4600;ASH_COATED_OSMIUM;9993;15;;;;;10011;21;;;;;10002.0;0.0
0;4700;ASH_COATED_OSMIUM;9993;14;;;;;10009;14;10011;27;;;10001.0;0.0
0;4700;INTARIAN_PEPPER_ROOT;9992;15;;;;;10008;12;;;;;10000.0;0.0
0;4800;INTARIAN_PEPPER_ROOT;9994;11;9991;21;;;10003;4;10007;11;10010;21;9998.5;0.0
0;4800;ASH_COATED_OSMIUM;9993;10;;;;;10011;28;;;;;10002.0;0.0
0;4900;ASH_COATED_OSMIUM;9993;15;9990;27;;;10009;15;;;;;10001.0;0.0
0;4900;INTARIAN_PEPPER_ROOT;9994;12;9991;16;;;10007;12;10010;16;;;10000.5;0.0
0;5000;INTARIAN_PEPPER_ROOT;9993;10;9990;23;;;10010;23;;;;;10001.5;0.0
0;5000;ASH_COATED_OSMIUM;9992;12;9990;29;;;10008;12;10011;29;;;10000.0;0.0
0;5100;ASH_COATED_OSMIUM;9993;11;9990;24;;;10009;11;;;;;10001.0;0.0
0;5100;INTARIAN_PEPPER_ROOT;9990;25;;;;;;;;;;;9990.0;0.0
0;5200;INTARIAN_PEPPER_ROOT;9993;12;9990;19;;;10006;12;;;;;9999.5;0.0
0;5200;ASH_COATED_OSMIUM;9993;15;;;;;10009;15;10011;29;;;10001.0;0.0
0;5300;ASH_COATED_OSMIUM;9993;15;9990;21;;;;;;;;;9993.0;0.0
0;5300;INTARIAN_PEPPER_ROOT;9992;8;9989;21;;;10005;8;10008;21;;;9998.5;0.0
0;5400;INTARIAN_PEPPER_ROOT;9992;8;9989;16;;;10008;16;;;;;10000.0;0.0
0;5400;ASH_COATED_OSMIUM;9993;14;9990;20;;;10009;14;10011;20;;;10001.0;0.0
0;5500;ASH_COATED_OSMIUM;9994;13;9991;28;;;10010;13;10012;28;;;10002.0;0.0
0;5500;INTARIAN_PEPPER_ROOT;9991;10;9988;24;;;10004;10;;;;;9997.5;0.0
0;5600;INTARIAN_PEPPER_ROOT;9990;11;;;;;10003;11;;;;;9996.5;0.0
0;5600;ASH_COATED_OSMIUM;9991;21;;;;;10009;14;10012;21;;;10000.0;0.0
0;5700;ASH_COATED_OSMIUM;9993;12;9991;29;;;10009;12;10012;29;;;10001.0;0.0
0;5700;INTARIAN_PEPPER_ROOT;9990;8;9987;19;;;9993;5;10006;19;;;9991.5;0.0
0;5800;INTARIAN_PEPPER_ROOT;9989;11;9986;22;;;;;;;;;9989.0;0.0
0;5800;ASH_COATED_OSMIUM;9994;10;;;;;10010;10;10012;28;;;10002.0;0.0
0;5900;ASH_COATED_OSMIUM;9993;15;9991;29;;;10009;15;10012;29;;;10001.0;0.0
0;5900;INTARIAN_PEPPER_ROOT;9989;10;9986;23;;;10002;10;10005;23;;;9995.5;0.0
0;6000;INTARIAN_PEPPER_ROOT;9985;19;;;;;10002;11;;;;;9993.5;0.0
0;6000;ASH_COATED_OSMIUM;9993;15;9990;30;;;10009;15;10011;30;;;10001.0;0.0
0;6100;ASH_COATED_OSMIUM;9990;28;;;;;10009;11;10011;28;;;9999.5;0.0
0;6100;INTARIAN_PEPPER_ROOT;9988;9;9985;22;;;10001;9;10004;22;;;9994.5;0.0
0;6200;INTARIAN_PEPPER_ROOT;9985;15;;;;;10004;15;;;;;9994.5;0.0
0;6200;ASH_COATED_OSMIUM;9993;11;9990;20;;;10009;11;10011;20;;;10001.0;0.0
0;6300;ASH_COATED_OSMIUM;9993;12;9990;22;;;10009;12;10011;22;;;10001.0;0.0
0;6300;INTARIAN_PEPPER_ROOT;9987;11;9984;24;;;10000;11;;;;;9993.5;0.0
0;6400;INTARIAN_PEPPER_ROOT;9987;9;9984;22;;;10000;9;10003;22;;;9993.5;0.0
0;6400;ASH_COATED_OSMIUM;9992;14;9989;23;;;10008;14;10010;23;;;10000.0;0.0
0;6500;ASH_COATED_OSMIUM;9992;13;9990;24;;;10008;13;10011;24;;;10000.0;0.0
0;6500;INTARIAN_PEPPER_ROOT;9983;22;;;;;9999;10;10002;22;;;9991.0;0.0
0;6600;INTARIAN_PEPPER_ROOT;9985;12;9982;23;;;9998;12;10001;23;;;9991.5;0.0
0;6600;ASH_COATED_OSMIUM;9992;15;9989;25;;;;;;;;;9992.0;0.0
0;6700;INTARIAN_PEPPER_ROOT;9985;8;;;;;9998;8;;;;;9991.5;0.0
0;6700;ASH_COATED_OSMIUM;9992;13;;;;;10008;13;10011;29;;;10000.0;0.0
0;6800;INTARIAN_PEPPER_ROOT;9984;12;9981;16;;;;;;;;;9984.0;0.0
0;6800;ASH_COATED_OSMIUM;;;;;;;10008;10;10011;30;;;10008.0;0.0
0;6900;ASH_COATED_OSMIUM;9990;22;;;;;10008;12;;;;;9999.0;0.0
0;6900;INTARIAN_PEPPER_ROOT;9984;9;9981;19;;;9997;9;10000;19;;;9990.5;0.0
0;7000;ASH_COATED_OSMIUM;9990;22;;;;;10011;22;;;;;10000.5;0.0
0;7000;INTARIAN_PEPPER_ROOT;9980;24;;;;;9997;9;10000;24;;;9988.5;0.0
0;7100;ASH_COATED_OSMIUM;9992;15;9990;25;;;10008;15;10011;25;;;10000.0;0.0
0;7100;INTARIAN_PEPPER_ROOT;9983;12;9980;15;;;9996;12;9999;15;;;9989.5;0.0
0;7200;ASH_COATED_OSMIUM;9998;2;9993;11;9990;20;10011;20;;;;;10004.5;0.0
0;7200;INTARIAN_PEPPER_ROOT;9983;9;9980;23;;;9996;9;9999;23;;;9989.5;0.0
0;7300;ASH_COATED_OSMIUM;9992;11;9990;21;;;10011;21;;;;;10001.5;0.0
0;7300;INTARIAN_PEPPER_ROOT;;;;;;;9995;9;9998;17;;;9995.0;0.0
0;7400;ASH_COATED_OSMIUM;9993;15;9990;26;;;10009;15;10011;26;;;10001.0;0.0
0;7400;INTARIAN_PEPPER_ROOT;9979;23;;;;;;;;;;;9979.0;0.0
0;7500;ASH_COATED_OSMIUM;9993;14;9990;21;;;10009;14;10011;21;;;10001.0;0.0
0;7500;INTARIAN_PEPPER_ROOT;9981;9;;;;;9997;20;;;;;9989.0;0.0
0;7600;ASH_COATED_OSMIUM;9993;14;9990;30;;;9998;5;;;;;9995.5;0.0
0;7600;INTARIAN_PEPPER_ROOT;9980;9;9977;19;;;9993;9;9996;19;;;9986.5;0.0
0;7700;INTARIAN_PEPPER_ROOT;9980;8;;;;;9993;8;9996;20;;;9986.5;0.0
0;7700;ASH_COATED_OSMIUM;9993;10;9991;25;;;10009;10;10012;25;;;10001.0;0.0
0;7800;INTARIAN_PEPPER_ROOT;9979;12;9976;17;;;9992;12;9995;17;;;9985.5;0.0
0;7800;ASH_COATED_OSMIUM;9990;22;;;;;10009;11;10011;22;;;9999.5;0.0
0;7900;INTARIAN_PEPPER_ROOT;9976;23;;;;;9992;12;9995;23;;;9984.0;0.0
0;7900;ASH_COATED_OSMIUM;9993;13;9990;23;;;10009;13;10011;23;;;10001.0;0.0
0;8000;INTARIAN_PEPPER_ROOT;9978;8;9975;24;;;;;;;;;9978.0;0.0
0;8000;ASH_COATED_OSMIUM;9990;22;;;;;10008;15;10011;22;;;9999.0;0.0
0;8100;ASH_COATED_OSMIUM;9992;10;9989;30;;;10008;10;10010;30;;;10000.0;0.0
0;8100;INTARIAN_PEPPER_ROOT;9978;9;9975;18;;;;;;;;;9978.0;0.0
0;8200;ASH_COATED_OSMIUM;9992;12;9989;24;;;10008;12;10010;24;;;10000.0;0.0
0;8200;INTARIAN_PEPPER_ROOT;9975;19;;;;;9991;12;9994;19;;;9983.0;0.0
0;8300;INTARIAN_PEPPER_ROOT;9977;8;9974;24;;;;;;;;;9977.0;0.0
0;8300;ASH_COATED_OSMIUM;9992;15;9990;23;;;10011;23;;;;;10001.5;0.0
0;8400;INTARIAN_PEPPER_ROOT;9977;9;9974;24;;;9990;9;9993;24;;;9983.5;0.0
0;8400;ASH_COATED_OSMIUM;9992;13;9990;23;;;10008;13;10011;23;;;10000.0;0.0
0;8500;ASH_COATED_OSMIUM;9992;14;9989;21;;;10008;14;10010;21;;;10000.0;0.0
0;8500;INTARIAN_PEPPER_ROOT;9976;10;;;;;;;;;;;9976.0;0.0
0;8600;ASH_COATED_OSMIUM;9992;13;;;;;10010;24;;;;;10001.0;0.0
0;8600;INTARIAN_PEPPER_ROOT;9975;10;9972;22;;;9988;10;9991;22;;;9981.5;0.0
0;8700;INTARIAN_PEPPER_ROOT;9975;9;9972;17;;;9988;9;9991;17;;;9981.5;0.0
0;8700;ASH_COATED_OSMIUM;9991;11;9989;30;;;10010;30;;;;;10000.5;0.0
0;8800;INTARIAN_PEPPER_ROOT;9974;10;9971;23;;;9987;10;;;;;9980.5;0.0
0;8800;ASH_COATED_OSMIUM;9991;15;9989;22;;;10010;22;;;;;10000.5;0.0
0;8900;ASH_COATED_OSMIUM;9992;11;9989;27;;;10008;11;10010;27;;;10000.0;0.0
0;8900;INTARIAN_PEPPER_ROOT;9971;24;;;;;9987;8;;;;;9979.0;0.0
0;9000;ASH_COATED_OSMIUM;9992;14;9990;20;;;10008;14;;;;;10000.0;0.0
0;9000;INTARIAN_PEPPER_ROOT;9973;12;9970;22;;;9987;12;9990;22;;;9980.0;0.0
0;9100;INTARIAN_PEPPER_ROOT;9973;12;9970;20;;;9989;20;;;;;9981.0;0.0
0;9100;ASH_COATED_OSMIUM;9998;4;9992;12;9990;25;10008;12;10011;25;;;10003.0;0.0
0;9200;INTARIAN_PEPPER_ROOT;9973;12;;;;;9989;15;;;;;9981.0;0.0
0;9200;ASH_COATED_OSMIUM;9992;12;9990;21;;;10008;12;;;;;10000.0;0.0
0;9300;ASH_COATED_OSMIUM;9992;12;;;;;10010;23;;;;;10001.0;0.0
0;9300;INTARIAN_PEPPER_ROOT;9972;11;9969;23;;;9985;11;9988;23;;;9978.5;0.0
0;9400;ASH_COATED_OSMIUM;9992;10;9990;30;;;9998;10;10008;10;10011;30;9995.0;0.0
0;9400;INTARIAN_PEPPER_ROOT;9972;11;;;;;9985;11;9988;24;;;9978.5;0.0
0;9500;INTARIAN_PEPPER_ROOT;9971;11;9968;20;;;9984;11;9987;20;;;9977.5;0.0
0;9500;ASH_COATED_OSMIUM;9992;14;9990;27;;;10008;14;10011;27;;;10000.0;0.0
0;9600;INTARIAN_PEPPER_ROOT;9967;20;;;;;9983;12;9986;20;;;9975.0;0.0
0;9600;ASH_COATED_OSMIUM;9993;10;9990;30;;;10009;10;10011;30;;;10001.0;0.0
0;9700;ASH_COATED_OSMIUM;9991;26;;;;;10009;15;10012;26;;;10000.0;0.0
0;9700;INTARIAN_PEPPER_ROOT;9970;10;9967;23;;;9983;10;;;;;9976.5;0.0
0;9800;ASH_COATED_OSMIUM;9994;13;9991;29;;;10010;13;10012;29;;;10002.0;0.0
0;9800;INTARIAN_PEPPER_ROOT;9969;11;;;;;9982;11;;;;;9975.5;0.0
0;9900;INTARIAN_PEPPER_ROOT;9969;12;9966;17;;;9972;8;9982;12;9985;17;9970.5;0.0
0;9900;ASH_COATED_OSMIUM;9994;11;9992;29;;;10010;11;10013;29;;;10002.0;0.0
0;10000;INTARIAN_PEPPER_ROOT;9968;12;9965;18;;;9982;12;9985;18;;;9975.0;0.0
0;10000;ASH_COATED_OSMIUM;9994;13;;;;;10010;13;10013;23;;;10002.0;0.0
0;10100;ASH_COATED_OSMIUM;9994;10;9992;22;;;10010;10;10013;22;;;10002.0;0.0
0;10100;INTARIAN_PEPPER_ROOT;9968;12;9965;15;;;9981;12;9984;15;;;9974.5;0.0
0;10200;ASH_COATED_OSMIUM;9994;11;9992;23;;;10013;23;;;;;10003.5;0.0
0;10200;INTARIAN_PEPPER_ROOT;9968;10;9965;20;;;9981;10;9984;20;;;9974.5;0.0
0;10300;INTARIAN_PEPPER_ROOT;;;;;;;9980;9;9983;15;;;9980.0;0.0
0;10300;ASH_COATED_OSMIUM;9992;21;;;;;10013;21;;;;;10002.5;0.0
0;10400;INTARIAN_PEPPER_ROOT;9967;8;9964;23;;;9983;23;;;;;9975.0;0.0
0;10400;ASH_COATED_OSMIUM;9992;21;;;;;10010;12;10013;21;;;10001.0;0.0
0;10500;ASH_COATED_OSMIUM;9992;29;;;;;10013;29;;;;;10002.5;0.0
0;10500;INTARIAN_PEPPER_ROOT;9966;9;9963;19;;;9979;9;9982;19;;;9972.5;0.0
0;10600;ASH_COATED_OSMIUM;9994;11;9992;26;;;10010;11;10013;26;;;10002.0;0.0
0;10600;INTARIAN_PEPPER_ROOT;9965;12;;;;;9978;12;9981;16;;;9971.5;0.0
0;10700;INTARIAN_PEPPER_ROOT;;;;;;;9978;12;9981;22;;;9978.0;0.0
0;10700;ASH_COATED_OSMIUM;9994;13;9992;21;;;10013;21;;;;;10003.5;0.0
0;10800;INTARIAN_PEPPER_ROOT;9964;9;9961;20;;;9977;9;;;;;9970.5;0.0
0;10800;ASH_COATED_OSMIUM;9994;12;9992;23;;;10010;12;;;;;10002.0;0.0
0;10900;ASH_COATED_OSMIUM;9995;13;9992;30;;;10011;13;10013;30;;;10003.0;0.0
0;10900;INTARIAN_PEPPER_ROOT;9964;9;;;;;9977;9;9980;18;;;9970.5;0.0
0;11000;INTARIAN_PEPPER_ROOT;9963;9;;;;;9977;9;9980;16;;;9970.0;0.0
0;11000;ASH_COATED_OSMIUM;9995;11;9992;24;;;10004;5;10011;11;10013;24;9999.5;0.0
0;11100;INTARIAN_PEPPER_ROOT;;;;;;;9976;9;;;;;9976.0;0.0
0;11100;ASH_COATED_OSMIUM;9995;14;9992;25;;;10011;14;10013;25;;;10003.0;0.0
0;11200;INTARIAN_PEPPER_ROOT;9963;8;9960;24;;;9976;8;;;;;9969.5;0.0
0;11200;ASH_COATED_OSMIUM;9994;10;9992;26;;;10010;10;10013;26;;;10002.0;0.0
0;11300;INTARIAN_PEPPER_ROOT;9962;10;9959;18;;;9975;10;;;;;9968.5;0.0
0;11300;ASH_COATED_OSMIUM;9994;12;;;;;10010;12;10013;29;;;10002.0;0.0
0;11400;ASH_COATED_OSMIUM;9994;15;;;;;10013;22;;;;;10003.5;0.0
0;11400;INTARIAN_PEPPER_ROOT;9962;11;9959;18;;;9975;11;9978;18;;;9968.5;0.0
0;11500;ASH_COATED_OSMIUM;9994;15;9992;27;;;10010;15;;;;;10002.0;0.0
0;11500;INTARIAN_PEPPER_ROOT;9961;8;9958;25;;;9974;8;9977;25;;;9967.5;0.0
0;11600;ASH_COATED_OSMIUM;9994;11;;;;;10010;11;10013;30;;;10002.0;0.0
0;11600;INTARIAN_PEPPER_ROOT;9960;12;9957;23;;;9973;12;9976;23;;;9966.5;0.0
0;11700;ASH_COATED_OSMIUM;9994;15;;;;;10013;22;;;;;10003.5;0.0
0;11700;INTARIAN_PEPPER_ROOT;9960;10;;;;;9976;17;;;;;9968.0;0.0
0;11800;ASH_COATED_OSMIUM;9994;14;9991;25;;;10010;14;10012;25;;;10002.0;0.0
0;11800;INTARIAN_PEPPER_ROOT;9959;8;9956;17;;;9972;8;9975;17;;;9965.5;0.0
0;11900;ASH_COATED_OSMIUM;9994;11;9992;20;;;10010;11;;;;;10002.0;0.0
0;11900;INTARIAN_PEPPER_ROOT;9959;10;9956;20;;;9975;20;;;;;9967.0;0.0
0;12000;ASH_COATED_OSMIUM;9994;10;9992;22;;;10010;10;10013;22;;;10002.0;0.0
0;12000;INTARIAN_PEPPER_ROOT;9958;10;9955;25;;;9972;10;;;;;9965.0;0.0
0;12100;INTARIAN_PEPPER_ROOT;9958;12;9955;24;;;9971;12;9974;24;;;9964.5;0.0
0;12100;ASH_COATED_OSMIUM;9994;14;9992;24;;;10010;14;;;;;10002.0;0.0
0;12200;INTARIAN_PEPPER_ROOT;9958;10;9955;22;;;9971;10;9974;22;;;9964.5;0.0
0;12200;ASH_COATED_OSMIUM;9994;13;9992;24;;;10013;24;;;;;10003.5;0.0
0;12300;INTARIAN_PEPPER_ROOT;;;;;;;9970;11;;;;;9970.0;0.0
0;12300;ASH_COATED_OSMIUM;9994;11;;;;;10010;11;10013;20;;;10002.0;0.0
0;12400;INTARIAN_PEPPER_ROOT;9953;25;;;;;9972;25;;;;;9962.5;0.0
0;12400;ASH_COATED_OSMIUM;9995;14;9992;28;;;10013;28;;;;;10004.0;0.0
0;12500;ASH_COATED_OSMIUM;9995;15;9992;22;;;10013;22;;;;;10004.0;0.0
0;12500;INTARIAN_PEPPER_ROOT;9956;8;;;;;9969;8;9972;16;;;9962.5;0.0
0;12600;INTARIAN_PEPPER_ROOT;9955;10;9952;18;;;9957;3;9968;10;9971;18;9956.0;0.0
0;12600;ASH_COATED_OSMIUM;9995;11;9992;28;;;10011;11;10013;28;;;10003.0;0.0
0;12700;ASH_COATED_OSMIUM;9995;15;9992;23;;;10011;15;10013;23;;;10003.0;0.0
0;12700;INTARIAN_PEPPER_ROOT;9952;20;;;;;9968;11;;;;;9960.0;0.0
0;12800;INTARIAN_PEPPER_ROOT;9954;11;9951;19;;;;;;;;;9954.0;0.0
0;12800;ASH_COATED_OSMIUM;9994;15;9992;23;;;10013;23;;;;;10003.5;0.0
0;12900;ASH_COATED_OSMIUM;9995;14;9992;29;;;10011;14;10013;29;;;10003.0;0.0
0;12900;INTARIAN_PEPPER_ROOT;9953;10;;;;;9966;10;9969;20;;;9959.5;0.0
0;13000;INTARIAN_PEPPER_ROOT;9953;11;9950;20;;;9967;11;9970;20;;;9960.0;0.0
0;13000;ASH_COATED_OSMIUM;9995;13;;;;;10011;13;;;;;10003.0;0.0
0;13100;ASH_COATED_OSMIUM;9995;15;9993;24;;;10011;15;10014;24;;;10003.0;0.0
0;13100;INTARIAN_PEPPER_ROOT;9953;12;9950;16;;;9966;12;;;;;9959.5;0.0
0;13200;INTARIAN_PEPPER_ROOT;9953;12;9950;20;;;9966;12;;;;;9959.5;0.0
0;13200;ASH_COATED_OSMIUM;9996;12;;;;;10012;12;10014;20;;;10004.0;0.0
0;13300;ASH_COATED_OSMIUM;9995;15;9993;29;;;;;;;;;9995.0;0.0
0;13300;INTARIAN_PEPPER_ROOT;9952;12;;;;;9965;12;9968;25;;;9958.5;0.0
0;13400;INTARIAN_PEPPER_ROOT;9951;8;9948;24;;;9964;8;9967;24;;;9957.5;0.0
0;13400;ASH_COATED_OSMIUM;9995;12;9992;29;;;10011;12;10013;29;;;10003.0;0.0
0;13500;ASH_COATED_OSMIUM;9995;15;9993;21;;;10011;15;;;;;10003.0;0.0
0;13500;INTARIAN_PEPPER_ROOT;9948;21;;;;;9964;9;9967;21;;;9956.0;0.0
0;13600;INTARIAN_PEPPER_ROOT;9950;12;;;;;9963;12;9966;22;;;9956.5;0.0
0;13600;ASH_COATED_OSMIUM;9995;11;;;;;10011;11;10013;30;;;10003.0;0.0
0;13700;ASH_COATED_OSMIUM;9995;10;9993;29;;;10011;10;10014;29;;;10003.0;0.0
0;13700;INTARIAN_PEPPER_ROOT;9950;12;9947;22;;;9963;12;9966;22;;;9956.5;0.0
0;13800;INTARIAN_PEPPER_ROOT;9949;11;9946;17;;;9962;11;9965;17;;;9955.5;0.0
0;13800;ASH_COATED_OSMIUM;9995;12;9993;26;;;;;;;;;9995.0;0.0
0;13900;ASH_COATED_OSMIUM;9992;20;;;;;10011;12;;;;;10001.5;0.0
0;13900;INTARIAN_PEPPER_ROOT;9958;4;9948;12;9945;15;9961;12;9964;15;;;9959.5;0.0
0;14000;INTARIAN_PEPPER_ROOT;9948;9;9945;21;;;9965;21;;;;;9956.5;0.0
0;14000;ASH_COATED_OSMIUM;9995;15;;;;;10011;15;10013;28;;;10003.0;0.0
0;14100;ASH_COATED_OSMIUM;9995;14;9992;27;;;10011;14;;;;;10003.0;0.0
0;14100;INTARIAN_PEPPER_ROOT;9948;9;9945;15;;;9961;9;;;;;9954.5;0.0
0;14200;INTARIAN_PEPPER_ROOT;9948;11;9945;23;;;9961;11;;;;;9954.5;0.0
0;14200;ASH_COATED_OSMIUM;9994;15;9991;26;;;10010;15;10012;26;;;10002.0;0.0
0;14300;ASH_COATED_OSMIUM;9991;30;;;;;10010;13;10012;30;;;10000.5;0.0
0;14300;INTARIAN_PEPPER_ROOT;9947;12;9944;18;;;9960;12;9963;18;;;9953.5;0.0
0;14400;INTARIAN_PEPPER_ROOT;9946;10;9943;22;;;9954;11;9959;10;9962;22;9950.0;0.0
0;14400;ASH_COATED_OSMIUM;9994;10;;;;;10010;10;10012;26;;;10002.0;0.0
0;14500;ASH_COATED_OSMIUM;9994;10;9992;20;;;10004;5;10010;10;10013;20;9999.0;0.0
0;14500;INTARIAN_PEPPER_ROOT;9946;11;9943;19;;;9962;19;;;;;9954.0;0.0
0;14600;INTARIAN_PEPPER_ROOT;;;;;;;9958;12;;;;;9958.0;0.0
0;14600;ASH_COATED_OSMIUM;9994;15;9992;22;;;10010;15;10013;22;;;10002.0;0.0
0;14700;ASH_COATED_OSMIUM;9994;12;9992;26;;;10004;4;10010;12;10013;26;9999.0;0.0
0;14700;INTARIAN_PEPPER_ROOT;9942;16;;;;;9958;9;;;;;9950.0;0.0
0;14800;INTARIAN_PEPPER_ROOT;9944;8;9941;19;;;9957;8;9960;19;;;9950.5;0.0
0;14800;ASH_COATED_OSMIUM;9994;14;9992;23;;;10010;14;10013;23;;;10002.0;0.0
0;14900;ASH_COATED_OSMIUM;9992;20;;;;;10010;13;10013;20;;;10001.0;0.0
0;14900;INTARIAN_PEPPER_ROOT;9940;18;;;;;9956;11;9959;18;;;9948.0;0.0
0;15000;INTARIAN_PEPPER_ROOT;9943;11;9940;18;;;9957;11;9960;18;;;9950.0;0.0
0;15000;ASH_COATED_OSMIUM;9994;13;;;;;10004;3;10010;13;10013;25;9999.0;0.0
0;15100;ASH_COATED_OSMIUM;9994;11;;;;;10010;11;10012;26;;;10002.0;0.0
0;15100;INTARIAN_PEPPER_ROOT;9943;10;9940;16;;;9959;16;;;;;9951.0;0.0
0;15200;INTARIAN_PEPPER_ROOT;9942;12;9939;23;;;9955;12;9958;23;;;9948.5;0.0
0;15200;ASH_COATED_OSMIUM;9994;10;9992;25;;;10010;10;10013;25;;;10002.0;0.0
0;15300;ASH_COATED_OSMIUM;9992;24;;;;;;;;;;;9992.0;0.0
0;15300;INTARIAN_PEPPER_ROOT;9942;11;9939;25;;;9955;11;9958;25;;;9948.5;0.0
0;15400;INTARIAN_PEPPER_ROOT;9941;9;9938;24;;;9954;9;9957;24;;;9947.5;0.0
0;15400;ASH_COATED_OSMIUM;9994;14;9991;23;;;10010;14;10012;23;;;10002.0;0.0
0;15500;INTARIAN_PEPPER_ROOT;9941;12;;;;;9954;12;9957;16;;;9947.5;0.0
0;15500;ASH_COATED_OSMIUM;10003;10;9993;10;9991;22;10009;10;10012;22;;;10006.0;0.0
0;15600;INTARIAN_PEPPER_ROOT;9940;9;9937;22;;;9956;22;;;;;9948.0;0.0
0;15600;ASH_COATED_OSMIUM;9994;11;9991;23;;;10010;11;10012;23;;;10002.0;0.0
0;15700;INTARIAN_PEPPER_ROOT;9936;23;;;;;9955;23;;;;;9945.5;0.0
0;15700;ASH_COATED_OSMIUM;9991;20;;;;;10009;15;10012;20;;;10000.0;0.0
0;15800;ASH_COATED_OSMIUM;9993;15;9990;23;;;10009;15;10011;23;;;10001.0;0.0
0;15800;INTARIAN_PEPPER_ROOT;9936;16;;;;;9955;16;;;;;9945.5;0.0
0;15900;ASH_COATED_OSMIUM;9993;10;;;;;10009;10;;;;;10001.0;0.0
0;15900;INTARIAN_PEPPER_ROOT;9938;12;9935;23;;;9951;12;9954;23;;;9944.5;0.0
0;16000;ASH_COATED_OSMIUM;9993;10;9991;23;;;10009;10;10012;23;;;10001.0;0.0
0;16000;INTARIAN_PEPPER_ROOT;9938;9;9935;17;;;9952;9;9955;17;;;9945.0;0.0
0;16100;ASH_COATED_OSMIUM;9999;4;9991;25;;;10010;13;10012;25;;;10004.5;0.0
0;16100;INTARIAN_PEPPER_ROOT;9938;9;9935;25;;;9951;9;9954;25;;;9944.5;0.0
0;16200;ASH_COATED_OSMIUM;9994;12;9991;21;;;10010;12;10012;21;;;10002.0;0.0
0;16200;INTARIAN_PEPPER_ROOT;9937;12;9934;24;;;9950;12;9953;24;;;9943.5;0.0
0;16300;ASH_COATED_OSMIUM;9991;22;;;;;10009;13;10012;22;;;10000.0;0.0
0;16300;INTARIAN_PEPPER_ROOT;9937;8;9934;16;;;9950;8;9953;16;;;9943.5;0.0
0;16400;ASH_COATED_OSMIUM;9993;13;9991;26;;;10009;13;10012;26;;;10001.0;0.0
0;16400;INTARIAN_PEPPER_ROOT;9936;9;9933;21;;;9949;9;9952;21;;;9942.5;0.0
0;16500;ASH_COATED_OSMIUM;9990;22;;;;;10009;15;;;;;9999.5;0.0
0;16500;INTARIAN_PEPPER_ROOT;9936;11;9933;19;;;9952;19;;;;;9944.0;0.0
0;16600;INTARIAN_PEPPER_ROOT;9935;12;9932;25;;;9948;12;9951;25;;;9941.5;0.0
0;16600;ASH_COATED_OSMIUM;9992;15;;;;;10008;15;10011;27;;;10000.0;0.0
0;16700;INTARIAN_PEPPER_ROOT;9931;24;;;;;9947;10;;;;;9939.0;0.0
0;16700;ASH_COATED_OSMIUM;9992;13;;;;;;;;;;;9992.0;0.0
0;16800;INTARIAN_PEPPER_ROOT;9934;8;9931;23;;;9947;8;9950;23;;;9940.5;0.0
0;16800;ASH_COATED_OSMIUM;9992;10;9990;26;;;10008;10;10011;26;;;10000.0;0.0
0;16900;INTARIAN_PEPPER_ROOT;9933;10;9930;17;;;9949;17;;;;;9941.0;0.0
0;16900;ASH_COATED_OSMIUM;9992;14;9990;23;;;10008;14;10011;23;;;10000.0;0.0
0;17000;INTARIAN_PEPPER_ROOT;9932;9;9929;15;;;;;;;;;9932.0;0.0
0;17000;ASH_COATED_OSMIUM;9993;11;9991;27;;;10009;11;10012;27;;;10001.0;0.0
0;17100;ASH_COATED_OSMIUM;9993;12;9991;25;;;10009;12;10012;25;;;10001.0;0.0
0;17100;INTARIAN_PEPPER_ROOT;9930;17;;;;;9949;17;;;;;9939.5;0.0
0;17200;ASH_COATED_OSMIUM;9993;13;9991;24;;;10009;13;10012;24;;;10001.0;0.0
0;17200;INTARIAN_PEPPER_ROOT;9929;19;;;;;9945;9;9948;19;;;9937.0;0.0
0;17300;INTARIAN_PEPPER_ROOT;9932;8;9929;22;;;;;;;;;9932.0;0.0
0;17300;ASH_COATED_OSMIUM;9993;12;9991;29;;;10009;12;10012;29;;;10001.0;0.0
0;17400;INTARIAN_PEPPER_ROOT;9934;6;9931;9;9928;17;9944;9;9947;17;;;9939.0;0.0
0;17400;ASH_COATED_OSMIUM;9994;11;9991;21;;;10010;11;10012;21;;;10002.0;0.0
0;17500;ASH_COATED_OSMIUM;9993;11;9991;27;;;10009;11;10012;27;;;10001.0;0.0
0;17500;INTARIAN_PEPPER_ROOT;9930;9;9927;19;;;9943;9;9946;19;;;9936.5;0.0
0;17600;ASH_COATED_OSMIUM;9993;14;9991;25;;;10009;14;10012;25;;;10001.0;0.0
0;17600;INTARIAN_PEPPER_ROOT;9930;9;;;;;9943;9;9946;22;;;9936.5;0.0
0;17700;INTARIAN_PEPPER_ROOT;9929;8;9926;16;;;9945;16;;;;;9937.0;0.0
0;17700;ASH_COATED_OSMIUM;9993;10;9990;24;;;10009;10;10011;24;;;10001.0;0.0
0;17800;INTARIAN_PEPPER_ROOT;9926;24;;;;;9942;8;9945;24;;;9934.0;0.0
0;17800;ASH_COATED_OSMIUM;9993;10;9990;23;;;10011;23;;;;;10002.0;0.0
0;17900;ASH_COATED_OSMIUM;9993;11;9991;22;;;10009;11;;;;;10001.0;0.0
0;17900;INTARIAN_PEPPER_ROOT;9928;9;9925;20;;;9941;9;9944;20;;;9934.5;0.0
0;18000;ASH_COATED_OSMIUM;9993;15;9991;23;;;10009;15;;;;;10001.0;0.0
0;18000;INTARIAN_PEPPER_ROOT;9927;9;9924;21;;;9944;21;;;;;9935.5;0.0
0;18100;INTARIAN_PEPPER_ROOT;9928;10;;;;;9944;25;;;;;9936.0;0.0
0;18100;ASH_COATED_OSMIUM;9993;11;9991;30;;;10012;30;;;;;10002.5;0.0
0;18200;INTARIAN_PEPPER_ROOT;9927;10;;;;;9940;10;;;;;9933.5;0.0
0;18200;ASH_COATED_OSMIUM;9993;10;;;;;10009;10;10012;28;;;10001.0;0.0
0;18300;ASH_COATED_OSMIUM;9991;28;;;;;10009;11;10012;28;;;10000.0;0.0
0;18300;INTARIAN_PEPPER_ROOT;9926;12;9923;17;;;9939;12;9942;17;;;9932.5;0.0
0;18400;ASH_COATED_OSMIUM;9994;10;9991;22;;;10010;10;10012;22;;;10002.0;0.0
0;18400;INTARIAN_PEPPER_ROOT;9926;11;9923;25;;;9939;11;9942;25;;;9932.5;0.0
0;18500;INTARIAN_PEPPER_ROOT;9925;10;9922;20;;;9938;10;9941;20;;;9931.5;0.0
0;18500;ASH_COATED_OSMIUM;9994;11;9991;25;;;10010;11;;;;;10002.0;0.0
0;18600;INTARIAN_PEPPER_ROOT;9925;11;9922;25;;;9941;25;;;;;9933.0;0.0
0;18600;ASH_COATED_OSMIUM;9994;11;9991;25;;;10010;11;;;;;10002.0;0.0
0;18700;ASH_COATED_OSMIUM;9994;13;9991;20;;;10003;2;10010;13;10012;20;9998.5;0.0
0;18700;INTARIAN_PEPPER_ROOT;9924;9;;;;;9940;21;;;;;9932.0;0.0
0;18800;ASH_COATED_OSMIUM;9994;13;;;;;10010;13;10013;29;;;10002.0;0.0
0;18800;INTARIAN_PEPPER_ROOT;9923;8;;;;;9936;8;;;;;9929.5;0.0
0;18900;INTARIAN_PEPPER_ROOT;9920;23;;;;;9936;10;9939;23;;;9928.0;0.0
0;18900;ASH_COATED_OSMIUM;9994;12;;;;;10003;5;10010;12;10012;30;9998.5;0.0
0;19000;INTARIAN_PEPPER_ROOT;9922;12;9919;18;;;9936;12;9939;18;;;9929.0;0.0
0;19000;ASH_COATED_OSMIUM;9994;10;9991;27;;;10012;27;;;;;10003.0;0.0
0;19100;ASH_COATED_OSMIUM;9994;13;;;;;10010;13;10012;29;;;10002.0;0.0
0;19100;INTARIAN_PEPPER_ROOT;9923;11;9920;21;;;9936;11;9939;21;;;9929.5;0.0
0;19200;ASH_COATED_OSMIUM;9993;10;;;;;10009;10;10012;23;;;10001.0;0.0
0;19200;INTARIAN_PEPPER_ROOT;9922;9;9919;16;;;9935;9;9938;16;;;9928.5;0.0
0;19300;INTARIAN_PEPPER_ROOT;9921;8;;;;;9934;8;9937;23;;;9927.5;0.0
0;19300;ASH_COATED_OSMIUM;9993;15;9991;22;;;10009;15;10012;22;;;10001.0;0.0
0;19400;INTARIAN_PEPPER_ROOT;9921;8;9918;22;;;9934;8;9937;22;;;9927.5;0.0
0;19400;ASH_COATED_OSMIUM;9993;14;9991;24;;;10009;14;10012;24;;;10001.0;0.0
0;19500;ASH_COATED_OSMIUM;9993;11;9990;23;;;10009;11;10011;23;;;10001.0;0.0
0;19500;INTARIAN_PEPPER_ROOT;9917;19;;;;;9933;8;9936;19;;;9925.0;0.0
0;19600;ASH_COATED_OSMIUM;9993;11;9990;26;;;10009;11;10011;26;;;10001.0;0.0
0;19600;INTARIAN_PEPPER_ROOT;9917;23;;;;;9933;9;;;;;9925.0;0.0
0;19700;INTARIAN_PEPPER_ROOT;9919;10;9916;22;;;;;;;;;9919.0;0.0
0;19700;ASH_COATED_OSMIUM;9990;25;;;;;10009;15;10011;25;;;9999.5;0.0
0;19800;INTARIAN_PEPPER_ROOT;9918;10;9915;16;;;9931;10;9934;16;;;9924.5;0.0
0;19800;ASH_COATED_OSMIUM;9993;14;9990;29;;;9998;4;10009;14;10011;29;9995.5;0.0
0;19900;INTARIAN_PEPPER_ROOT;9918;12;9915;15;;;9927;11;9931;12;9934;15;9922.5;0.0
0;19900;ASH_COATED_OSMIUM;9993;10;9991;26;;;10009;10;10012;26;;;10001.0;0.0
0;20000;INTARIAN_PEPPER_ROOT;9914;24;;;;;9931;11;9934;24;;;9922.5;0.0
0;20000;ASH_COATED_OSMIUM;9993;14;9991;21;;;10009;14;10012;21;;;10001.0;0.0
0;20100;INTARIAN_PEPPER_ROOT;9917;11;;;;;9933;15;;;;;9925.0;0.0
0;20100;ASH_COATED_OSMIUM;9993;11;9990;30;;;10009;11;10011;30;;;10001.0;0.0
0;20200;INTARIAN_PEPPER_ROOT;;;;;;;9930;8;9933;15;;;9930.0;0.0
0;20200;ASH_COATED_OSMIUM;9993;14;9990;26;;;10011;26;;;;;10002.0;0.0
0;20300;ASH_COATED_OSMIUM;9990;26;;;;;10009;11;10011;26;;;9999.5;0.0
0;20300;INTARIAN_PEPPER_ROOT;9916;12;9913;22;;;;;;;;;9916.0;0.0
0;20400;ASH_COATED_OSMIUM;9992;11;9990;27;;;10008;11;10011;27;;;10000.0;0.0
0;20400;INTARIAN_PEPPER_ROOT;9916;8;9913;17;;;9929;8;9932;17;;;9922.5;0.0
0;20500;ASH_COATED_OSMIUM;9992;10;9990;28;;;10008;10;10011;28;;;10000.0;0.0
0;20500;INTARIAN_PEPPER_ROOT;9915;12;9912;22;;;9928;12;9931;22;;;9921.5;0.0
0;20600;ASH_COATED_OSMIUM;9992;13;9990;25;;;10008;13;10011;25;;;10000.0;0.0
0;20600;INTARIAN_PEPPER_ROOT;9914;10;9911;16;;;9927;10;9930;16;;;9920.5;0.0
0;20700;ASH_COATED_OSMIUM;9990;20;;;;;10008;15;10011;20;;;9999.0;0.0
0;20700;INTARIAN_PEPPER_ROOT;9914;8;9911;15;;;9927;8;;;;;9920.5;0.0
0;20800;ASH_COATED_OSMIUM;9992;10;;;;;10008;10;10011;23;;;10000.0;0.0
0;20800;INTARIAN_PEPPER_ROOT;9913;9;9910;25;;;9929;25;;;;;9921.0;0.0
0;20900;ASH_COATED_OSMIUM;9992;14;;;;;10008;14;10011;20;;;10000.0;0.0
0;20900;INTARIAN_PEPPER_ROOT;9913;9;9910;22;;;9926;9;9929;22;;;9919.5;0.0
0;21000;INTARIAN_PEPPER_ROOT;9912;10;9909;17;;;9926;10;;;;;9919.0;0.0
0;21000;ASH_COATED_OSMIUM;9993;10;9990;21;;;10009;10;10011;21;;;10001.0;0.0
0;21100;INTARIAN_PEPPER_ROOT;9912;10;9909;18;;;;;;;;;9912.0;0.0
0;21100;ASH_COATED_OSMIUM;9992;11;;;;;10008;11;10011;26;;;10000.0;0.0
0;21200;INTARIAN_PEPPER_ROOT;9912;12;9909;23;;;9925;12;9928;23;;;9918.5;0.0
0;21200;ASH_COATED_OSMIUM;9992;12;9990;25;;;10002;5;10008;12;10011;25;9997.0;0.0
0;21300;INTARIAN_PEPPER_ROOT;9911;10;9908;17;;;9924;10;9927;17;;;9917.5;0.0
0;21300;ASH_COATED_OSMIUM;9993;14;9990;30;;;10009;14;10011;30;;;10001.0;0.0
0;21400;INTARIAN_PEPPER_ROOT;9910;10;9907;23;;;9923;10;;;;;9916.5;0.0
0;21400;ASH_COATED_OSMIUM;;;;;;;10008;12;10011;24;;;10008.0;0.0
0;21500;ASH_COATED_OSMIUM;9998;3;9993;15;9990;29;10011;29;;;;;10004.5;0.0
0;21500;INTARIAN_PEPPER_ROOT;9910;9;9907;20;;;9923;9;;;;;9916.5;0.0
0;21600;INTARIAN_PEPPER_ROOT;9909;8;9906;22;;;9922;8;9925;22;;;9915.5;0.0
0;21600;ASH_COATED_OSMIUM;9993;14;9990;27;;;10009;14;10011;27;;;10001.0;0.0
0;21700;ASH_COATED_OSMIUM;9993;14;9990;27;;;10009;14;10011;27;;;10001.0;0.0
0;21700;INTARIAN_PEPPER_ROOT;9909;8;9906;23;;;9922;8;;;;;9915.5;0.0
0;21800;INTARIAN_PEPPER_ROOT;9908;8;9905;24;;;9924;24;;;;;9916.0;0.0
0;21800;ASH_COATED_OSMIUM;9993;10;9991;23;;;10009;10;10012;23;;;10001.0;0.0
0;21900;ASH_COATED_OSMIUM;9993;13;9991;29;;;10009;13;10012;29;;;10001.0;0.0
0;21900;INTARIAN_PEPPER_ROOT;9907;8;9904;15;;;9923;15;;;;;9915.0;0.0
0;22000;INTARIAN_PEPPER_ROOT;9907;9;9904;17;;;9921;9;;;;;9914.0;0.0
0;22000;ASH_COATED_OSMIUM;;;;;;;10009;15;10012;27;;;10009.0;0.0
0;22100;ASH_COATED_OSMIUM;9993;11;9991;29;;;10009;11;10012;29;;;10001.0;0.0
0;22100;INTARIAN_PEPPER_ROOT;9907;12;9904;21;;;9920;12;;;;;9913.5;0.0
0;22200;INTARIAN_PEPPER_ROOT;9907;12;;;;;9920;12;;;;;9913.5;0.0
0;22200;ASH_COATED_OSMIUM;9991;28;;;;;10010;11;;;;;10000.5;0.0
0;22300;ASH_COATED_OSMIUM;9994;15;9991;28;;;;;;;;;9994.0;0.0
0;22300;INTARIAN_PEPPER_ROOT;;;;;;;9919;12;9922;23;;;9919.0;0.0
0;22400;INTARIAN_PEPPER_ROOT;9905;10;9902;25;;;9918;10;9921;25;;;9911.5;0.0
0;22400;ASH_COATED_OSMIUM;9993;11;;;;;10009;11;;;;;10001.0;0.0
0;22500;ASH_COATED_OSMIUM;9991;27;;;;;;;;;;;9991.0;0.0
0;22500;INTARIAN_PEPPER_ROOT;9905;10;9902;25;;;9918;10;9921;25;;;9911.5;0.0
0;22600;INTARIAN_PEPPER_ROOT;9904;9;9901;17;;;9917;9;9920;17;;;9910.5;0.0
0;22600;ASH_COATED_OSMIUM;9994;11;9992;28;;;10010;11;10013;28;;;10002.0;0.0
0;22700;ASH_COATED_OSMIUM;9999;5;9994;10;9991;30;10010;10;;;;;10004.5;0.0
0;22700;INTARIAN_PEPPER_ROOT;9903;9;9900;19;;;9916;9;9919;19;;;9909.5;0.0
0;22800;INTARIAN_PEPPER_ROOT;9903;11;9900;19;;;9916;11;9919;19;;;9909.5;0.0
0;22800;ASH_COATED_OSMIUM;9991;25;;;;;10009;14;10012;25;;;10000.0;0.0
0;22900;ASH_COATED_OSMIUM;9993;11;;;;;10009;11;10012;26;;;10001.0;0.0
0;22900;INTARIAN_PEPPER_ROOT;9902;10;9899;25;;;9915;10;;;;;9908.5;0.0
0;23000;INTARIAN_PEPPER_ROOT;9902;11;9899;20;;;9916;11;9919;20;;;9909.0;0.0
0;23000;ASH_COATED_OSMIUM;9993;12;;;;;10009;12;;;;;10001.0;0.0
0;23100;ASH_COATED_OSMIUM;9993;13;;;;;10009;13;10012;29;;;10001.0;0.0
0;23100;INTARIAN_PEPPER_ROOT;9902;10;;;;;9904;4;9915;10;9918;23;9903.0;0.0
0;23200;INTARIAN_PEPPER_ROOT;9901;10;9898;22;;;9914;10;9917;22;;;9907.5;0.0
0;23200;ASH_COATED_OSMIUM;9990;27;;;;;10002;2;10009;14;10011;27;9996.0;0.0
0;23300;ASH_COATED_OSMIUM;9992;12;9990;26;;;10008;12;10011;26;;;10000.0;0.0
0;23300;INTARIAN_PEPPER_ROOT;9901;8;9898;23;;;9914;8;9917;23;;;9907.5;0.0
0;23400;INTARIAN_PEPPER_ROOT;;;;;;;9913;10;9916;23;;;9913.0;0.0
0;23400;ASH_COATED_OSMIUM;9990;28;;;;;10009;11;10011;28;;;9999.5;0.0
0;23500;ASH_COATED_OSMIUM;9993;11;;;;;10009;11;10011;28;;;10001.0;0.0
0;23500;INTARIAN_PEPPER_ROOT;;;;;;;9913;9;9916;21;;;9913.0;0.0
0;23600;INTARIAN_PEPPER_ROOT;9899;10;9896;18;;;9912;10;9915;18;;;9905.5;0.0
0;23600;ASH_COATED_OSMIUM;9990;21;;;;;10009;15;10011;21;;;9999.5;0.0
0;23700;ASH_COATED_OSMIUM;9992;11;9990;30;;;10008;11;10011;30;;;10000.0;0.0
0;23700;INTARIAN_PEPPER_ROOT;9898;8;9895;16;;;9911;8;9914;16;;;9904.5;0.0
0;23800;INTARIAN_PEPPER_ROOT;9898;9;9895;18;;;9911;9;9914;18;;;9904.5;0.0
0;23800;ASH_COATED_OSMIUM;9992;14;9990;27;;;10008;14;10011;27;;;10000.0;0.0
0;23900;ASH_COATED_OSMIUM;9990;29;;;;;10009;15;10011;29;;;9999.5;0.0
0;23900;INTARIAN_PEPPER_ROOT;9897;12;9894;19;;;9913;19;;;;;9905.0;0.0
0;24000;INTARIAN_PEPPER_ROOT;9896;9;9893;19;;;9913;19;;;;;9904.5;0.0
0;24000;ASH_COATED_OSMIUM;9993;12;9990;23;;;10009;12;10011;23;;;10001.0;0.0
0;24100;ASH_COATED_OSMIUM;9993;12;9990;23;;;10009;12;10011;23;;;10001.0;0.0
0;24100;INTARIAN_PEPPER_ROOT;9894;22;;;;;9910;10;;;;;9902.0;0.0
0;24200;INTARIAN_PEPPER_ROOT;9896;9;9893;20;;;9909;9;9912;20;;;9902.5;0.0
0;24200;ASH_COATED_OSMIUM;9992;11;9990;30;;;10011;30;;;;;10001.5;0.0
0;24300;INTARIAN_PEPPER_ROOT;9896;12;;;;;9909;12;9912;17;;;9902.5;0.0
0;24300;ASH_COATED_OSMIUM;9993;12;;;;;10011;30;;;;;10002.0;0.0
0;24400;INTARIAN_PEPPER_ROOT;9895;10;;;;;9908;10;9911;22;;;9901.5;0.0
0;24400;ASH_COATED_OSMIUM;9992;14;9990;20;;;9998;9;10008;14;10011;20;9995.0;0.0
0;24500;INTARIAN_PEPPER_ROOT;9894;12;9891;15;;;9907;12;9910;15;;;9900.5;0.0
0;24500;ASH_COATED_OSMIUM;9992;11;9990;24;;;10011;24;;;;;10001.5;0.0
0;24600;INTARIAN_PEPPER_ROOT;9894;8;9891;17;;;9907;8;9910;17;;;9900.5;0.0
0;24600;ASH_COATED_OSMIUM;9992;14;9990;23;;;10008;14;10011;23;;;10000.0;0.0
0;24700;ASH_COATED_OSMIUM;9990;22;;;;;10009;12;10011;22;;;9999.5;0.0
0;24700;INTARIAN_PEPPER_ROOT;9893;12;9890;18;;;9906;12;9909;18;;;9899.5;0.0
0;24800;ASH_COATED_OSMIUM;9993;11;9990;20;;;10009;11;10011;20;;;10001.0;0.0
0;24800;INTARIAN_PEPPER_ROOT;9889;17;;;;;9905;11;9908;17;;;9897.0;0.0
0;24900;ASH_COATED_OSMIUM;9993;11;9990;28;;;10009;11;;;;;10001.0;0.0
0;24900;INTARIAN_PEPPER_ROOT;9892;11;;;;;9905;11;9908;17;;;9898.5;0.0
0;25000;ASH_COATED_OSMIUM;9993;14;9990;25;;;10011;25;;;;;10002.0;0.0
0;25000;INTARIAN_PEPPER_ROOT;9891;11;;;;;9905;11;9908;15;;;9898.0;0.0
0;25100;ASH_COATED_OSMIUM;9993;10;9991;30;;;10009;10;10012;30;;;10001.0;0.0
0;25100;INTARIAN_PEPPER_ROOT;9892;12;9889;19;;;9905;12;9908;19;;;9898.5;0.0
0;25200;ASH_COATED_OSMIUM;;;;;;;10009;10;;;;;10009.0;0.0
0;25200;INTARIAN_PEPPER_ROOT;9891;8;9888;17;;;9907;17;;;;;9899.0;0.0
0;25300;ASH_COATED_OSMIUM;9993;11;9990;28;;;10009;11;10011;28;;;10001.0;0.0
0;25300;INTARIAN_PEPPER_ROOT;9890;10;;;;;9903;10;;;;;9896.5;0.0
0;25400;INTARIAN_PEPPER_ROOT;9890;11;9887;25;;;9903;11;9906;25;;;9896.5;0.0
0;25400;ASH_COATED_OSMIUM;9993;14;9990;28;;;10009;14;10011;28;;;10001.0;0.0
0;25500;INTARIAN_PEPPER_ROOT;9889;10;9886;24;;;9891;6;9902;10;9905;24;9890.0;0.0
0;25500;ASH_COATED_OSMIUM;9993;11;9990;22;;;10011;22;;;;;10002.0;0.0
0;25600;INTARIAN_PEPPER_ROOT;9889;8;9886;22;;;9905;22;;;;;9897.0;0.0
0;25600;ASH_COATED_OSMIUM;9993;14;9990;24;;;;;;;;;9993.0;0.0
0;25700;INTARIAN_PEPPER_ROOT;9888;8;;;;;9901;8;9904;22;;;9894.5;0.0
0;25700;ASH_COATED_OSMIUM;9993;14;9990;21;;;10009;14;;;;;10001.0;0.0
0;25800;ASH_COATED_OSMIUM;9992;15;9990;20;;;10011;20;;;;;10001.5;0.0
0;25800;INTARIAN_PEPPER_ROOT;9884;18;;;;;9900;10;;;;;9892.0;0.0
0;25900;INTARIAN_PEPPER_ROOT;9884;17;;;;;9900;9;;;;;9892.0;0.0
0;25900;ASH_COATED_OSMIUM;9993;12;9990;30;;;10009;12;10011;30;;;10001.0;0.0
0;26000;INTARIAN_PEPPER_ROOT;9883;25;;;;;9900;9;9903;25;;;9891.5;0.0
0;26000;ASH_COATED_OSMIUM;9993;13;;;;;10011;21;;;;;10002.0;0.0
0;26100;ASH_COATED_OSMIUM;9993;10;;;;;10011;28;;;;;10002.0;0.0
0;26100;INTARIAN_PEPPER_ROOT;9886;9;9883;21;;;9899;9;9902;21;;;9892.5;0.0
0;26200;ASH_COATED_OSMIUM;9993;15;9991;30;;;10009;15;;;;;10001.0;0.0
0;26200;INTARIAN_PEPPER_ROOT;9886;10;9883;19;;;;;;;;;9886.0;0.0
0;26300;INTARIAN_PEPPER_ROOT;9885;11;9882;18;;;9901;18;;;;;9893.0;0.0
0;26300;ASH_COATED_OSMIUM;9993;13;;;;;10009;13;10012;22;;;10001.0;0.0
0;26400;INTARIAN_PEPPER_ROOT;9882;15;;;;;9898;12;9901;15;;;9890.0;0.0
0;26400;ASH_COATED_OSMIUM;9991;23;;;;;10010;13;10012;23;;;10000.5;0.0
0;26500;ASH_COATED_OSMIUM;9994;13;9991;27;;;10010;13;10012;27;;;10002.0;0.0
0;26500;INTARIAN_PEPPER_ROOT;9894;6;9884;8;;;9897;8;;;;;9895.5;0.0
0;26600;ASH_COATED_OSMIUM;;;;;;;10010;12;10013;27;;;10010.0;0.0
0;26600;INTARIAN_PEPPER_ROOT;9883;11;9880;15;;;9899;15;;;;;9891.0;0.0
0;26700;INTARIAN_PEPPER_ROOT;9883;10;9880;23;;;9896;10;;;;;9889.5;0.0
0;26700;ASH_COATED_OSMIUM;9994;10;9992;24;;;10010;10;;;;;10002.0;0.0
0;26800;INTARIAN_PEPPER_ROOT;9882;12;9879;15;;;9898;15;;;;;9890.0;0.0
0;26800;ASH_COATED_OSMIUM;9994;15;9991;24;;;9999;8;10010;15;10012;24;9996.5;0.0
0;26900;ASH_COATED_OSMIUM;9993;10;9991;30;;;10009;10;;;;;10001.0;0.0
0;26900;INTARIAN_PEPPER_ROOT;9882;9;9879;18;;;;;;;;;9882.0;0.0
0;27000;ASH_COATED_OSMIUM;9993;11;9990;26;;;10009;11;10011;26;;;10001.0;0.0
0;27000;INTARIAN_PEPPER_ROOT;9881;8;9878;25;;;9898;25;;;;;9889.5;0.0
0;27100;INTARIAN_PEPPER_ROOT;9881;9;9878;19;;;9894;9;9897;19;;;9887.5;0.0
0;27100;ASH_COATED_OSMIUM;9993;10;;;;;;;;;;;9993.0;0.0
0;27200;INTARIAN_PEPPER_ROOT;9881;12;;;;;9894;12;;;;;9887.5;0.0
0;27200;ASH_COATED_OSMIUM;9993;13;9990;22;;;10009;13;10011;22;;;10001.0;0.0
0;27300;ASH_COATED_OSMIUM;9993;10;9990;26;;;10009;10;10011;26;;;10001.0;0.0
0;27300;INTARIAN_PEPPER_ROOT;9880;10;9877;19;;;9896;19;;;;;9888.0;0.0
0;27400;ASH_COATED_OSMIUM;9993;15;9991;27;;;10009;15;10012;27;;;10001.0;0.0
0;27400;INTARIAN_PEPPER_ROOT;9879;12;9876;17;;;9892;12;;;;;9885.5;0.0
0;27500;INTARIAN_PEPPER_ROOT;9879;11;9876;15;;;9892;11;;;;;9885.5;0.0
0;27500;ASH_COATED_OSMIUM;9993;10;9991;26;;;10009;10;10012;26;;;10001.0;0.0
0;27600;INTARIAN_PEPPER_ROOT;9878;10;9875;25;;;9891;10;9894;25;;;9884.5;0.0
0;27600;ASH_COATED_OSMIUM;9993;11;9991;25;;;10009;11;10012;25;;;10001.0;0.0
0;27700;ASH_COATED_OSMIUM;9993;10;;;;;10009;10;10012;22;;;10001.0;0.0
0;27700;INTARIAN_PEPPER_ROOT;9878;8;9875;25;;;9891;8;9894;25;;;9884.5;0.0
0;27800;ASH_COATED_OSMIUM;9992;15;9990;22;;;;;;;;;9992.0;0.0
0;27800;INTARIAN_PEPPER_ROOT;9877;10;9874;17;;;9890;10;9893;17;;;9883.5;0.0
0;27900;INTARIAN_PEPPER_ROOT;9876;9;9873;18;;;9892;18;;;;;9884.0;0.0
0;27900;ASH_COATED_OSMIUM;9992;14;9990;22;;;10008;14;10011;22;;;10000.0;0.0
0;28000;INTARIAN_PEPPER_ROOT;9873;23;;;;;9890;12;9893;23;;;9881.5;0.0
0;28000;ASH_COATED_OSMIUM;10002;4;9990;26;;;10008;15;;;;;10005.0;0.0
0;28100;ASH_COATED_OSMIUM;9992;11;9989;22;;;10008;11;10010;22;;;10000.0;0.0
0;28100;INTARIAN_PEPPER_ROOT;9876;10;9873;20;;;9889;10;9892;20;;;9882.5;0.0
0;28200;ASH_COATED_OSMIUM;9993;11;9990;23;;;10009;11;10011;23;;;10001.0;0.0
0;28200;INTARIAN_PEPPER_ROOT;9875;12;;;;;9888;12;9891;22;;;9881.5;0.0
0;28300;INTARIAN_PEPPER_ROOT;9875;8;9872;25;;;9888;8;9891;25;;;9881.5;0.0
0;28300;ASH_COATED_OSMIUM;9993;13;9990;21;;;10009;13;10011;21;;;10001.0;0.0
0;28400;INTARIAN_PEPPER_ROOT;9871;16;;;;;9887;10;9890;16;;;9879.0;0.0
0;28400;ASH_COATED_OSMIUM;9990;21;;;;;10009;10;;;;;9999.5;0.0
0;28500;ASH_COATED_OSMIUM;;;;;;;10002;5;10009;11;10011;26;10002.0;0.0
0;28500;INTARIAN_PEPPER_ROOT;9874;11;9871;21;;;9887;11;9890;21;;;9880.5;0.0
0;28600;ASH_COATED_OSMIUM;9990;28;;;;;10009;15;10011;28;;;9999.5;0.0
0;28600;INTARIAN_PEPPER_ROOT;9873;10;9870;17;;;9886;10;9889;17;;;9879.5;0.0
0;28700;INTARIAN_PEPPER_ROOT;9876;11;9872;10;9869;19;9885;10;9888;19;;;9880.5;0.0
0;28700;ASH_COATED_OSMIUM;9994;11;9991;27;;;10010;11;10012;27;;;10002.0;0.0
0;28800;INTARIAN_PEPPER_ROOT;9872;11;9869;16;;;9885;11;9888;16;;;9878.5;0.0
0;28800;ASH_COATED_OSMIUM;9993;15;9991;30;;;10009;15;10012;30;;;10001.0;0.0
0;28900;INTARIAN_PEPPER_ROOT;;;;;;;9884;12;9887;23;;;9884.0;0.0
0;28900;ASH_COATED_OSMIUM;9993;14;9991;23;;;10009;14;10012;23;;;10001.0;0.0
0;29000;INTARIAN_PEPPER_ROOT;9871;11;9868;19;;;9885;11;9888;19;;;9878.0;0.0
0;29000;ASH_COATED_OSMIUM;9993;10;9991;25;;;10012;25;;;;;10002.5;0.0
0;29100;INTARIAN_PEPPER_ROOT;9871;9;9868;25;;;9887;25;;;;;9879.0;0.0
0;29100;ASH_COATED_OSMIUM;;;;;;;10009;11;10011;30;;;10009.0;0.0
0;29200;ASH_COATED_OSMIUM;9993;14;9990;20;;;10009;14;10011;20;;;10001.0;0.0
0;29200;INTARIAN_PEPPER_ROOT;;;;;;;9883;10;9886;24;;;9883.0;0.0
0;29300;ASH_COATED_OSMIUM;9993;11;9990;21;;;10009;11;10011;21;;;10001.0;0.0
0;29300;INTARIAN_PEPPER_ROOT;9870;10;9867;21;;;9883;10;9886;21;;;9876.5;0.0
0;29400;ASH_COATED_OSMIUM;9993;15;9990;24;;;10009;15;10011;24;;;10001.0;0.0
0;29400;INTARIAN_PEPPER_ROOT;9869;12;9866;21;;;9882;12;9885;21;;;9875.5;0.0
0;29500;ASH_COATED_OSMIUM;9993;14;9990;23;;;10009;14;10011;23;;;10001.0;0.0
0;29500;INTARIAN_PEPPER_ROOT;;;;;;;9881;11;9884;15;;;9881.0;0.0
0;29600;ASH_COATED_OSMIUM;9993;10;;;;;10011;27;;;;;10002.0;0.0
0;29600;INTARIAN_PEPPER_ROOT;9868;8;9865;18;;;9881;8;9884;18;;;9874.5;0.0
0;29700;ASH_COATED_OSMIUM;9992;12;9990;29;;;10008;12;10011;29;;;10000.0;0.0
0;29700;INTARIAN_PEPPER_ROOT;9867;10;9864;19;;;9880;10;9883;19;;;9873.5;0.0
0;29800;ASH_COATED_OSMIUM;;;;;;;10009;15;10011;23;;;10009.0;0.0
0;29800;INTARIAN_PEPPER_ROOT;9867;10;9864;25;;;9880;10;9883;25;;;9873.5;0.0
0;29900;INTARIAN_PEPPER_ROOT;9866;11;9863;20;;;9879;11;9882;20;;;9872.5;0.0
0;29900;ASH_COATED_OSMIUM;9993;12;9990;25;;;10009;12;10011;25;;;10001.0;0.0
0;30000;INTARIAN_PEPPER_ROOT;9865;11;;;;;9874;11;9879;11;;;9869.5;0.0
0;30000;ASH_COATED_OSMIUM;9990;26;;;;;10009;13;10011;26;;;9999.5;0.0
0;30100;INTARIAN_PEPPER_ROOT;9866;12;9863;20;;;9879;12;9882;20;;;9872.5;0.0
0;30100;ASH_COATED_OSMIUM;9993;13;9991;28;;;10009;13;10012;28;;;10001.0;0.0
0;30200;INTARIAN_PEPPER_ROOT;9865;12;9862;20;;;9878;12;9881;20;;;9871.5;0.0
0;30200;ASH_COATED_OSMIUM;9993;13;;;;;10009;13;10012;24;;;10001.0;0.0
0;30300;ASH_COATED_OSMIUM;9993;13;9991;23;;;10012;23;;;;;10002.5;0.0
0;30300;INTARIAN_PEPPER_ROOT;9864;11;9861;25;;;9877;11;;;;;9870.5;0.0
0;30400;INTARIAN_PEPPER_ROOT;9864;11;;;;;9877;11;9880;25;;;9870.5;0.0
0;30400;ASH_COATED_OSMIUM;;;;;;;10009;15;10011;24;;;10009.0;0.0
0;30500;ASH_COATED_OSMIUM;9990;20;;;;;10009;12;10011;20;;;9999.5;0.0
0;30500;INTARIAN_PEPPER_ROOT;9863;10;9860;18;;;9876;10;9879;18;;;9869.5;0.0
0;30600;INTARIAN_PEPPER_ROOT;9863;8;;;;;9876;8;9879;17;;;9869.5;0.0
0;30600;ASH_COATED_OSMIUM;9993;13;;;;;10009;13;10011;25;;;10001.0;0.0
0;30700;ASH_COATED_OSMIUM;9993;15;9990;24;;;10011;24;;;;;10002.0;0.0
0;30700;INTARIAN_PEPPER_ROOT;9862;10;9859;19;;;9875;10;9878;19;;;9868.5;0.0
0;30800;INTARIAN_PEPPER_ROOT;9861;8;9858;21;;;9874;8;9877;21;;;9867.5;0.0
0;30800;ASH_COATED_OSMIUM;9993;13;9990;29;;;10009;13;;;;;10001.0;0.0
0;30900;ASH_COATED_OSMIUM;9993;14;9990;24;;;10009;14;10011;24;;;10001.0;0.0
0;30900;INTARIAN_PEPPER_ROOT;9858;22;;;;;9874;11;9877;22;;;9866.0;0.0
0;31000;INTARIAN_PEPPER_ROOT;9860;8;9857;23;;;9874;8;9877;23;;;9867.0;0.0
0;31000;ASH_COATED_OSMIUM;9993;14;9990;30;;;10009;14;10011;30;;;10001.0;0.0
0;31100;ASH_COATED_OSMIUM;9992;13;9990;26;;;10008;13;10011;26;;;10000.0;0.0
0;31100;INTARIAN_PEPPER_ROOT;9861;11;9858;17;;;9874;11;9877;17;;;9867.5;0.0
0;31200;INTARIAN_PEPPER_ROOT;9857;25;;;;;9873;12;9876;25;;;9865.0;0.0
0;31200;ASH_COATED_OSMIUM;9990;26;;;;;10009;15;10011;26;;;9999.5;0.0
0;31300;ASH_COATED_OSMIUM;9993;15;;;;;10009;15;10011;26;;;10001.0;0.0
0;31300;INTARIAN_PEPPER_ROOT;9859;11;9856;23;;;9872;11;;;;;9865.5;0.0
0;31400;INTARIAN_PEPPER_ROOT;;;;;;;9872;12;9875;22;;;9872.0;0.0
0;31400;ASH_COATED_OSMIUM;9993;12;9990;23;;;10009;12;10011;23;;;10001.0;0.0
0;31500;ASH_COATED_OSMIUM;9993;12;9990;26;;;10009;12;10011;26;;;10001.0;0.0
0;31500;INTARIAN_PEPPER_ROOT;9858;9;9855;15;;;9871;9;9874;15;;;9864.5;0.0
0;31600;INTARIAN_PEPPER_ROOT;9857;12;9854;21;;;9870;12;9873;21;;;9863.5;0.0
0;31600;ASH_COATED_OSMIUM;9993;12;9990;20;;;10009;12;;;;;10001.0;0.0
0;31700;ASH_COATED_OSMIUM;9993;14;9990;20;;;10009;14;10011;20;;;10001.0;0.0
0;31700;INTARIAN_PEPPER_ROOT;9854;21;;;;;9870;11;9873;21;;;9862.0;0.0
0;31800;INTARIAN_PEPPER_ROOT;9856;10;9853;21;;;9872;21;;;;;9864.0;0.0
0;31800;ASH_COATED_OSMIUM;9993;10;9990;29;;;10009;10;10011;29;;;10001.0;0.0
0;31900;ASH_COATED_OSMIUM;9990;27;;;;;10009;10;;;;;9999.5;0.0
0;31900;INTARIAN_PEPPER_ROOT;9856;10;9853;18;;;9869;10;9872;18;;;9862.5;0.0
0;32000;INTARIAN_PEPPER_ROOT;9852;22;;;;;9869;8;;;;;9860.5;0.0
0;32000;ASH_COATED_OSMIUM;9990;27;;;;;10009;11;;;;;9999.5;0.0
0;32100;ASH_COATED_OSMIUM;9993;13;9991;20;;;10009;13;10012;20;;;10001.0;0.0
0;32100;INTARIAN_PEPPER_ROOT;9855;8;9852;23;;;9868;8;;;;;9861.5;0.0
0;32200;INTARIAN_PEPPER_ROOT;9855;10;;;;;9868;10;9871;21;;;9861.5;0.0
0;32200;ASH_COATED_OSMIUM;9994;12;9991;20;;;10010;12;10012;20;;;10002.0;0.0
0;32300;ASH_COATED_OSMIUM;9991;27;;;;;10012;27;;;;;10001.5;0.0
0;32300;INTARIAN_PEPPER_ROOT;9854;12;;;;;9867;12;;;;;9860.5;0.0
0;32400;INTARIAN_PEPPER_ROOT;9853;8;;;;;9866;8;9869;22;;;9859.5;0.0
0;32400;ASH_COATED_OSMIUM;9991;28;;;;;10012;28;;;;;10001.5;0.0
0;32500;ASH_COATED_OSMIUM;9993;15;9990;29;;;10009;15;10011;29;;;10001.0;0.0
0;32500;INTARIAN_PEPPER_ROOT;9863;4;9850;19;;;9866;9;9869;19;;;9864.5;0.0
0;32600;INTARIAN_PEPPER_ROOT;9852;8;9849;19;;;9865;8;9868;19;;;9858.5;0.0
0;32600;ASH_COATED_OSMIUM;9993;14;9990;23;;;;;;;;;9993.0;0.0
0;32700;ASH_COATED_OSMIUM;9992;11;;;;;10008;11;10011;21;;;10000.0;0.0
0;32700;INTARIAN_PEPPER_ROOT;9849;25;;;;;9865;9;9868;25;;;9857.0;0.0
0;32800;INTARIAN_PEPPER_ROOT;9851;11;9848;24;;;9864;11;;;;;9857.5;0.0
0;32800;ASH_COATED_OSMIUM;9992;12;9990;24;;;9998;9;10008;12;10011;24;9995.0;0.0
0;32900;ASH_COATED_OSMIUM;9992;10;9990;28;;;10008;10;;;;;10000.0;0.0
0;32900;INTARIAN_PEPPER_ROOT;9850;10;9847;16;;;9863;10;9866;16;;;9856.5;0.0
0;33000;INTARIAN_PEPPER_ROOT;9850;9;;;;;9864;9;9867;21;;;9857.0;0.0
0;33000;ASH_COATED_OSMIUM;;;;;;;10011;22;;;;;10011.0;0.0
0;33100;ASH_COATED_OSMIUM;9992;10;9990;21;;;10008;10;10011;21;;;10000.0;0.0
0;33100;INTARIAN_PEPPER_ROOT;9850;11;9847;25;;;9866;25;;;;;9858.0;0.0
0;33200;INTARIAN_PEPPER_ROOT;9850;9;9847;17;;;9863;9;;;;;9856.5;0.0
0;33200;ASH_COATED_OSMIUM;9992;12;;;;;10008;12;10011;27;;;10000.0;0.0
0;33300;INTARIAN_PEPPER_ROOT;9858;7;9849;8;9846;20;9862;8;;;;;9860.0;0.0
0;33300;ASH_COATED_OSMIUM;;;;;;;10008;13;10011;25;;;10008.0;0.0
0;33400;INTARIAN_PEPPER_ROOT;9848;9;9845;23;;;9861;9;9864;23;;;9854.5;0.0
0;33400;ASH_COATED_OSMIUM;9993;13;;;;;10009;13;10011;20;;;10001.0;0.0
0;33500;INTARIAN_PEPPER_ROOT;9845;18;;;;;9861;8;;;;;9853.0;0.0
0;33500;ASH_COATED_OSMIUM;9993;14;9990;25;;;10011;25;;;;;10002.0;0.0
0;33600;ASH_COATED_OSMIUM;9993;10;9991;26;;;;;;;;;9993.0;0.0
0;33600;INTARIAN_PEPPER_ROOT;9847;11;;;;;9856;12;9860;11;9863;22;9851.5;0.0
0;33700;ASH_COATED_OSMIUM;9991;27;;;;;10009;13;10012;27;;;10000.0;0.0
0;33700;INTARIAN_PEPPER_ROOT;9846;10;9843;19;;;9859;10;9862;19;;;9852.5;0.0
0;33800;ASH_COATED_OSMIUM;9991;24;;;;;10010;12;10012;24;;;10000.5;0.0
0;33800;INTARIAN_PEPPER_ROOT;9846;9;9843;22;;;9859;9;9862;22;;;9852.5;0.0
0;33900;ASH_COATED_OSMIUM;9992;20;;;;;10010;10;10013;20;;;10001.0;0.0
0;33900;INTARIAN_PEPPER_ROOT;9845;10;;;;;9858;10;9861;15;;;9851.5;0.0
0;34000;ASH_COATED_OSMIUM;9994;11;9991;25;;;10010;11;;;;;10002.0;0.0
0;34000;INTARIAN_PEPPER_ROOT;9845;8;;;;;9859;8;9862;20;;;9852.0;0.0
0;34100;ASH_COATED_OSMIUM;9994;13;9991;29;;;10012;29;;;;;10003.0;0.0
0;34100;INTARIAN_PEPPER_ROOT;9845;11;9842;25;;;9858;11;;;;;9851.5;0.0
0;34200;ASH_COATED_OSMIUM;9993;14;;;;;10009;14;10011;21;;;10001.0;0.0
0;34200;INTARIAN_PEPPER_ROOT;9844;12;9841;16;;;9857;12;9860;16;;;9850.5;0.0
0;34300;INTARIAN_PEPPER_ROOT;9841;23;;;;;9860;23;;;;;9850.5;0.0
0;34300;ASH_COATED_OSMIUM;9993;10;9990;30;;;10009;10;10011;30;;;10001.0;0.0
0;34400;INTARIAN_PEPPER_ROOT;9843;8;9840;15;;;9856;8;;;;;9849.5;0.0
0;34400;ASH_COATED_OSMIUM;9993;15;9990;25;;;10009;15;;;;;10001.0;0.0
0;34500;INTARIAN_PEPPER_ROOT;;;;;;;9855;8;9858;19;;;9855.0;0.0
0;34500;ASH_COATED_OSMIUM;9993;15;9991;21;;;;;;;;;9993.0;0.0
0;34600;INTARIAN_PEPPER_ROOT;;;;;;;9855;12;;;;;9855.0;0.0
0;34600;ASH_COATED_OSMIUM;9993;10;9991;20;;;10009;10;;;;;10001.0;0.0
0;34700;ASH_COATED_OSMIUM;9993;15;;;;;10009;15;10011;29;;;10001.0;0.0
0;34700;INTARIAN_PEPPER_ROOT;9841;9;9838;16;;;9854;9;9857;16;;;9847.5;0.0
0;34800;ASH_COATED_OSMIUM;9993;15;9991;27;;;10009;15;;;;;10001.0;0.0
0;34800;INTARIAN_PEPPER_ROOT;9838;18;;;;;9854;8;9857;18;;;9846.0;0.0
0;34900;INTARIAN_PEPPER_ROOT;9840;9;9837;19;;;9853;9;9856;19;;;9846.5;0.0
0;34900;ASH_COATED_OSMIUM;9993;12;9991;26;;;10009;12;10012;26;;;10001.0;0.0
0;35000;INTARIAN_PEPPER_ROOT;;;;;;;;;;;;;-2189.0;0.0
0;35000;ASH_COATED_OSMIUM;9993;13;9990;24;;;10009;13;10011;24;;;10001.0;0.0
0;35100;ASH_COATED_OSMIUM;9991;20;;;;;10009;11;10012;20;;;10000.0;0.0
0;35100;INTARIAN_PEPPER_ROOT;9840;9;9837;25;;;9853;9;9856;25;;;9846.5;0.0
0;35200;ASH_COATED_OSMIUM;9993;14;9991;20;;;10009;14;10012;20;;;10001.0;0.0
0;35200;INTARIAN_PEPPER_ROOT;9836;15;;;;;9852;12;;;;;9844.0;0.0
0;35300;INTARIAN_PEPPER_ROOT;9836;25;;;;;9852;8;9855;25;;;9844.0;0.0
0;35300;ASH_COATED_OSMIUM;9991;30;;;;;10009;15;10012;30;;;10000.0;0.0
0;35400;INTARIAN_PEPPER_ROOT;9835;20;;;;;9854;20;;;;;9844.5;0.0
0;35400;ASH_COATED_OSMIUM;9991;25;;;;;10010;12;10012;25;;;10000.5;0.0
0;35500;ASH_COATED_OSMIUM;9993;13;9991;20;;;10009;13;10012;20;;;10001.0;0.0
0;35500;INTARIAN_PEPPER_ROOT;;;;;;;9850;8;9853;21;;;9850.0;0.0
0;35600;ASH_COATED_OSMIUM;9993;13;9991;20;;;10009;13;10012;20;;;10001.0;0.0
0;35600;INTARIAN_PEPPER_ROOT;9837;8;9834;18;;;9850;8;9853;18;;;9843.5;0.0
0;35700;INTARIAN_PEPPER_ROOT;9846;3;9836;9;9833;20;9852;20;;;;;9849.0;0.0
0;35700;ASH_COATED_OSMIUM;9993;11;;;;;10009;11;10012;22;;;10001.0;0.0
0;35800;INTARIAN_PEPPER_ROOT;;;;;;;9838;7;9848;9;9851;19;9838.0;0.0
0;35800;ASH_COATED_OSMIUM;9993;10;9991;26;;;10009;10;;;;;10001.0;0.0
0;35900;ASH_COATED_OSMIUM;9993;11;9991;20;;;10009;11;10012;20;;;10001.0;0.0
0;35900;INTARIAN_PEPPER_ROOT;9835;11;9832;20;;;9851;20;;;;;9843.0;0.0
0;36000;ASH_COATED_OSMIUM;9993;14;9991;24;;;10009;14;10012;24;;;10001.0;0.0
0;36000;INTARIAN_PEPPER_ROOT;9834;9;;;;;9848;9;9851;15;;;9841.0;0.0
0;36100;INTARIAN_PEPPER_ROOT;9844;4;9835;11;9832;22;9848;11;9851;22;;;9846.0;0.0
0;36100;ASH_COATED_OSMIUM;9991;27;;;;;10009;15;10012;27;;;10000.0;0.0
0;36200;INTARIAN_PEPPER_ROOT;9834;10;9831;17;;;9847;10;9850;17;;;9840.5;0.0
0;36200;ASH_COATED_OSMIUM;9993;15;9991;29;;;10009;15;;;;;10001.0;0.0
0;36300;ASH_COATED_OSMIUM;;;;;;;10011;20;;;;;10011.0;0.0
0;36300;INTARIAN_PEPPER_ROOT;9833;10;9830;16;;;;;;;;;9833.0;0.0
0;36400;ASH_COATED_OSMIUM;;;;;;;10008;12;10011;25;;;10008.0;0.0
0;36400;INTARIAN_PEPPER_ROOT;9833;9;;;;;9846;9;9849;24;;;9839.5;0.0
0;36500;INTARIAN_PEPPER_ROOT;9832;8;9829;17;;;9845;8;;;;;9838.5;0.0
0;36500;ASH_COATED_OSMIUM;9992;15;9989;21;;;10010;21;;;;;10001.0;0.0
0;36600;INTARIAN_PEPPER_ROOT;9832;10;9829;19;;;9845;10;9848;19;;;9838.5;0.0
0;36600;ASH_COATED_OSMIUM;9992;15;9989;23;;;10008;15;10010;23;;;10000.0;0.0
0;36700;ASH_COATED_OSMIUM;9992;12;9989;27;;;10008;12;;;;;10000.0;0.0
0;36700;INTARIAN_PEPPER_ROOT;9831;11;9828;20;;;9844;11;9847;20;;;9837.5;0.0
0;36800;ASH_COATED_OSMIUM;9992;12;;;;;10008;12;10010;21;;;10000.0;0.0
0;36800;INTARIAN_PEPPER_ROOT;9830;11;9827;15;;;9843;11;;;;;9836.5;0.0
0;36900;INTARIAN_PEPPER_ROOT;9830;10;;;;;9843;10;9846;17;;;9836.5;0.0
0;36900;ASH_COATED_OSMIUM;9992;11;;;;;10008;11;10010;23;;;10000.0;0.0
0;37000;INTARIAN_PEPPER_ROOT;9829;9;;;;;9843;9;9846;22;;;9836.0;0.0
0;37000;ASH_COATED_OSMIUM;9992;11;9990;28;;;10008;11;10011;28;;;10000.0;0.0
0;37100;ASH_COATED_OSMIUM;9992;14;9990;23;;;10008;14;10011;23;;;10000.0;0.0
0;37100;INTARIAN_PEPPER_ROOT;9826;25;;;;;9845;25;;;;;9835.5;0.0
0;37200;ASH_COATED_OSMIUM;9989;24;;;;;10008;15;10010;24;;;9998.5;0.0
0;37200;INTARIAN_PEPPER_ROOT;9829;10;;;;;9842;10;;;;;9835.5;0.0
0;37300;INTARIAN_PEPPER_ROOT;9828;11;9825;23;;;9844;23;;;;;9836.0;0.0
0;37300;ASH_COATED_OSMIUM;9992;11;9989;29;;;10008;11;;;;;10000.0;0.0
0;37400;INTARIAN_PEPPER_ROOT;9828;11;9825;20;;;9841;11;9844;20;;;9834.5;0.0
0;37400;ASH_COATED_OSMIUM;9990;20;;;;;10008;14;;;;;9999.0;0.0
0;37500;ASH_COATED_OSMIUM;9992;15;9990;22;;;10008;15;10011;22;;;10000.0;0.0
0;37500;INTARIAN_PEPPER_ROOT;9827;9;9824;24;;;9840;9;;;;;9833.5;0.0
0;37600;ASH_COATED_OSMIUM;9990;24;;;;;10008;12;10011;24;;;9999.0;0.0
0;37600;INTARIAN_PEPPER_ROOT;9823;22;;;;;9839;10;;;;;9831.0;0.0
0;37700;INTARIAN_PEPPER_ROOT;9826;12;9823;17;;;9842;17;;;;;9834.0;0.0
0;37700;ASH_COATED_OSMIUM;9993;12;9990;21;;;10009;12;10011;21;;;10001.0;0.0
0;37800;INTARIAN_PEPPER_ROOT;9825;8;9822;23;;;9838;8;9841;23;;;9831.5;0.0
0;37800;ASH_COATED_OSMIUM;10003;8;9993;11;9991;25;10009;11;10012;25;;;10006.0;0.0
0;37900;INTARIAN_PEPPER_ROOT;9824;9;9821;25;;;9837;9;;;;;9830.5;0.0
0;37900;ASH_COATED_OSMIUM;9990;27;;;;;10008;11;10011;27;;;9999.0;0.0
0;38000;INTARIAN_PEPPER_ROOT;9824;11;9821;23;;;9838;11;9841;23;;;9831.0;0.0
0;38000;ASH_COATED_OSMIUM;9993;13;9990;24;;;10009;13;10011;24;;;10001.0;0.0
0;38100;ASH_COATED_OSMIUM;9993;14;9990;27;;;10009;14;10011;27;;;10001.0;0.0
0;38100;INTARIAN_PEPPER_ROOT;9824;12;9821;23;;;9832;9;9837;12;;;9828.0;0.0
0;38200;ASH_COATED_OSMIUM;9993;14;9990;29;;;10009;14;;;;;10001.0;0.0
0;38200;INTARIAN_PEPPER_ROOT;9824;8;;;;;9837;8;;;;;9830.5;0.0
0;38300;ASH_COATED_OSMIUM;9993;14;9990;25;;;;;;;;;9993.0;0.0
0;38300;INTARIAN_PEPPER_ROOT;9823;9;9820;21;;;9836;9;9839;21;;;9829.5;0.0
0;38400;ASH_COATED_OSMIUM;9990;25;;;;;10009;11;;;;;9999.5;0.0
0;38400;INTARIAN_PEPPER_ROOT;9822;11;9819;23;;;9824;8;9835;11;9838;23;9823.0;0.0
0;38500;ASH_COATED_OSMIUM;9993;13;9991;22;;;10009;13;;;;;10001.0;0.0
0;38500;INTARIAN_PEPPER_ROOT;9822;9;9819;15;;;9835;9;9838;15;;;9828.5;0.0
0;38600;ASH_COATED_OSMIUM;9990;29;;;;;10009;10;;;;;9999.5;0.0
0;38600;INTARIAN_PEPPER_ROOT;9821;8;9818;23;;;9834;8;9837;23;;;9827.5;0.0
0;38700;ASH_COATED_OSMIUM;9992;10;9990;26;;;10008;10;10011;26;;;10000.0;0.0
0;38700;INTARIAN_PEPPER_ROOT;9818;16;;;;;9834;12;9837;16;;;9826.0;0.0
0;38800;INTARIAN_PEPPER_ROOT;9817;18;;;;;9833;9;9836;18;;;9825.0;0.0
0;38800;ASH_COATED_OSMIUM;9990;21;;;;;10011;21;;;;;10000.5;0.0
0;38900;INTARIAN_PEPPER_ROOT;9819;10;9816;16;;;;;;;;;9819.0;0.0
0;38900;ASH_COATED_OSMIUM;9990;21;;;;;10011;21;;;;;10000.5;0.0
0;39000;INTARIAN_PEPPER_ROOT;9819;8;;;;;;;;;;;9819.0;0.0
0;39000;ASH_COATED_OSMIUM;9992;11;9990;29;;;10011;29;;;;;10001.5;0.0
0;39100;INTARIAN_PEPPER_ROOT;9819;11;9816;25;;;9832;11;9835;25;;;9825.5;0.0
0;39100;ASH_COATED_OSMIUM;;;;;;;10009;10;10011;21;;;10009.0;0.0
0;39200;INTARIAN_PEPPER_ROOT;9818;12;9815;23;;;9831;12;9834;23;;;9824.5;0.0
0;39200;ASH_COATED_OSMIUM;9993;13;9990;21;;;10011;21;;;;;10002.0;0.0
0;39300;ASH_COATED_OSMIUM;9993;12;9990;21;;;10009;12;10011;21;;;10001.0;0.0
0;39300;INTARIAN_PEPPER_ROOT;9818;9;9815;21;;;9831;9;9834;21;;;9824.5;0.0
0;39400;INTARIAN_PEPPER_ROOT;9817;8;9814;25;;;;;;;;;9817.0;0.0
0;39400;ASH_COATED_OSMIUM;9993;14;9990;25;;;10009;14;;;;;10001.0;0.0
0;39500;ASH_COATED_OSMIUM;;;;;;;10009;13;10012;23;;;10009.0;0.0
0;39500;INTARIAN_PEPPER_ROOT;9817;10;9814;24;;;9830;10;;;;;9823.5;0.0
0;39600;INTARIAN_PEPPER_ROOT;9816;8;9813;24;;;9829;8;9832;24;;;9822.5;0.0
0;39600;ASH_COATED_OSMIUM;9993;14;;;;;10009;14;10012;28;;;10001.0;0.0
0;39700;ASH_COATED_OSMIUM;9991;20;;;;;10009;14;10012;20;;;10000.0;0.0
0;39700;INTARIAN_PEPPER_ROOT;9815;8;9812;16;;;9828;8;9831;16;;;9821.5;0.0
0;39800;INTARIAN_PEPPER_ROOT;9815;11;9812;21;;;9828;11;9831;21;;;9821.5;0.0
0;39800;ASH_COATED_OSMIUM;9994;10;;;;;10012;26;;;;;10003.0;0.0
0;39900;ASH_COATED_OSMIUM;9994;10;9991;24;;;10010;10;10012;24;;;10002.0;0.0
0;39900;INTARIAN_PEPPER_ROOT;9814;11;;;;;9827;11;9830;23;;;9820.5;0.0
0;40000;INTARIAN_PEPPER_ROOT;9814;10;9811;19;;;9828;10;9831;19;;;9821.0;0.0
0;40000;ASH_COATED_OSMIUM;9991;29;;;;;10009;15;10012;29;;;10000.0;0.0
0;40100;ASH_COATED_OSMIUM;9991;30;;;;;10010;14;10012;30;;;10000.5;0.0
0;40100;INTARIAN_PEPPER_ROOT;9811;17;;;;;9827;12;9830;17;;;9819.0;0.0
0;40200;INTARIAN_PEPPER_ROOT;9813;8;9810;19;;;9826;8;9829;19;;;9819.5;0.0
0;40200;ASH_COATED_OSMIUM;9994;13;9991;20;;;10010;13;10012;20;;;10002.0;0.0
0;40300;ASH_COATED_OSMIUM;9994;10;;;;;10010;10;10012;30;;;10002.0;0.0
0;40300;INTARIAN_PEPPER_ROOT;9810;22;;;;;9826;9;;;;;9818.0;0.0
0;40400;INTARIAN_PEPPER_ROOT;9815;8;9809;19;;;9825;8;9828;19;;;9820.0;0.0
0;40400;ASH_COATED_OSMIUM;9993;10;9991;22;;;10009;10;;;;;10001.0;0.0
0;40500;ASH_COATED_OSMIUM;;;;;;;10009;14;10011;20;;;10009.0;0.0
0;40500;INTARIAN_PEPPER_ROOT;9811;9;9808;17;;;;;;;;;9811.0;0.0
0;40600;INTARIAN_PEPPER_ROOT;9811;11;9808;18;;;9824;11;9827;18;;;9817.5;0.0
0;40600;ASH_COATED_OSMIUM;9993;15;9990;27;;;10009;15;10011;27;;;10001.0;0.0
0;40700;ASH_COATED_OSMIUM;9993;10;;;;;10009;10;10011;20;;;10001.0;0.0
0;40700;INTARIAN_PEPPER_ROOT;9810;8;;;;;9823;8;9826;18;;;9816.5;0.0
0;40800;INTARIAN_PEPPER_ROOT;9810;11;9807;25;;;9823;11;9826;25;;;9816.5;0.0
0;40800;ASH_COATED_OSMIUM;9993;12;9990;24;;;10009;12;10011;24;;;10001.0;0.0
0;40900;ASH_COATED_OSMIUM;9990;20;;;;;10011;20;;;;;10000.5;0.0
0;40900;INTARIAN_PEPPER_ROOT;9809;8;;;;;9822;8;9825;17;;;9815.5;0.0
0;41000;INTARIAN_PEPPER_ROOT;9808;11;9805;23;;;9822;11;9825;23;;;9815.0;0.0
0;41000;ASH_COATED_OSMIUM;9993;13;9990;27;;;10009;13;;;;;10001.0;0.0
0;41100;ASH_COATED_OSMIUM;9990;21;;;;;10009;13;10011;21;;;9999.5;0.0
0;41100;INTARIAN_PEPPER_ROOT;9809;9;9806;18;;;9822;9;;;;;9815.5;0.0
0;41200;INTARIAN_PEPPER_ROOT;9808;9;9805;16;;;9824;16;;;;;9816.0;0.0
0;41200;ASH_COATED_OSMIUM;9990;26;;;;;10008;15;10011;26;;;9999.0;0.0
0;41300;ASH_COATED_OSMIUM;;;;;;;;;;;;;0.0;0.0
0;41300;INTARIAN_PEPPER_ROOT;9808;8;;;;;9821;8;9824;25;;;9814.5;0.0
0;41400;INTARIAN_PEPPER_ROOT;9807;9;9804;24;;;9823;24;;;;;9815.0;0.0
0;41400;ASH_COATED_OSMIUM;9993;15;9990;26;;;10009;15;10011;26;;;10001.0;0.0
0;41500;ASH_COATED_OSMIUM;9993;12;9990;20;;;10009;12;;;;;10001.0;0.0
0;41500;INTARIAN_PEPPER_ROOT;;;;;;;9819;10;9822;24;;;9819.0;0.0
0;41600;INTARIAN_PEPPER_ROOT;9806;11;9803;17;;;9819;11;9822;17;;;9812.5;0.0
0;41600;ASH_COATED_OSMIUM;9992;10;9990;29;;;10008;10;10011;29;;;10000.0;0.0
0;41700;ASH_COATED_OSMIUM;9992;12;9990;22;;;10008;12;10011;22;;;10000.0;0.0
0;41700;INTARIAN_PEPPER_ROOT;9815;5;9805;10;9802;23;9821;23;;;;;9818.0;0.0
0;41800;INTARIAN_PEPPER_ROOT;9804;12;;;;;9820;20;;;;;9812.0;0.0
0;41800;ASH_COATED_OSMIUM;10001;5;9992;12;9989;22;10008;12;10010;22;;;10004.5;0.0
0;41900;ASH_COATED_OSMIUM;9993;12;9990;24;;;10009;12;10011;24;;;10001.0;0.0
0;41900;INTARIAN_PEPPER_ROOT;9804;12;;;;;9817;12;9820;20;;;9810.5;0.0
0;42000;INTARIAN_PEPPER_ROOT;9803;8;9800;23;;;9812;10;9817;8;;;9807.5;0.0
0;42000;ASH_COATED_OSMIUM;9993;10;9990;28;;;10009;10;10011;28;;;10001.0;0.0
0;42100;INTARIAN_PEPPER_ROOT;9804;12;9801;16;;;9817;12;9820;16;;;9810.5;0.0
0;42100;ASH_COATED_OSMIUM;9993;12;9990;23;;;10011;23;;;;;10002.0;0.0
0;42200;INTARIAN_PEPPER_ROOT;9800;23;;;;;9816;8;;;;;9808.0;0.0
0;42200;ASH_COATED_OSMIUM;9990;20;;;;;10008;12;10011;20;;;9999.0;0.0
0;42300;INTARIAN_PEPPER_ROOT;;;;;;;9818;15;;;;;9818.0;0.0
0;42300;ASH_COATED_OSMIUM;9993;13;9990;21;;;10009;13;10011;21;;;10001.0;0.0
0;42400;INTARIAN_PEPPER_ROOT;9802;12;;;;;9815;12;9818;25;;;9808.5;0.0
0;42400;ASH_COATED_OSMIUM;9990;29;;;;;10009;12;10011;29;;;9999.5;0.0
0;42500;ASH_COATED_OSMIUM;9999;4;9993;11;9991;28;10012;28;;;;;10005.5;0.0
0;42500;INTARIAN_PEPPER_ROOT;9801;8;9798;25;;;9814;8;9817;25;;;9807.5;0.0
0;42600;ASH_COATED_OSMIUM;9991;27;;;;;10009;15;10012;27;;;10000.0;0.0
0;42600;INTARIAN_PEPPER_ROOT;9801;9;9798;24;;;9814;9;9817;24;;;9807.5;0.0
0;42700;ASH_COATED_OSMIUM;9994;12;9991;25;;;10010;12;;;;;10002.0;0.0
0;42700;INTARIAN_PEPPER_ROOT;9800;9;9797;22;;;9813;9;9816;22;;;9806.5;0.0
0;42800;ASH_COATED_OSMIUM;9994;15;9991;24;;;10012;24;;;;;10003.0;0.0
0;42800;INTARIAN_PEPPER_ROOT;9799;9;9796;21;;;9812;9;9815;21;;;9805.5;0.0
0;42900;ASH_COATED_OSMIUM;9993;11;9991;23;;;10012;23;;;;;10002.5;0.0
0;42900;INTARIAN_PEPPER_ROOT;9799;10;9796;23;;;9815;23;;;;;9807.0;0.0
0;43000;ASH_COATED_OSMIUM;9991;29;;;;;10003;3;10009;12;10012;29;9997.0;0.0
0;43000;INTARIAN_PEPPER_ROOT;9798;10;9795;15;;;9801;8;9812;10;9815;15;9799.5;0.0
0;43100;ASH_COATED_OSMIUM;9993;14;9991;22;;;10009;14;;;;;10001.0;0.0
0;43100;INTARIAN_PEPPER_ROOT;9795;22;;;;;9814;22;;;;;9804.5;0.0
0;43200;INTARIAN_PEPPER_ROOT;9798;11;9795;25;;;9811;11;9814;25;;;9804.5;0.0
0;43200;ASH_COATED_OSMIUM;9993;10;9991;25;;;10012;25;;;;;10002.5;0.0
0;43300;INTARIAN_PEPPER_ROOT;;;;;;;9810;10;;;;;9810.0;0.0
0;43300;ASH_COATED_OSMIUM;9993;12;9990;27;;;10009;12;10011;27;;;10001.0;0.0
0;43400;INTARIAN_PEPPER_ROOT;9797;9;9794;21;;;9810;9;9813;21;;;9803.5;0.0
0;43400;ASH_COATED_OSMIUM;;;;;;;10009;13;10012;27;;;10009.0;0.0
0;43500;INTARIAN_PEPPER_ROOT;9796;11;9793;17;;;9809;11;;;;;9802.5;0.0
0;43500;ASH_COATED_OSMIUM;9993;12;9991;23;;;10009;12;10012;23;;;10001.0;0.0
0;43600;INTARIAN_PEPPER_ROOT;9795;11;9792;17;;;9808;11;9811;17;;;9801.5;0.0
0;43600;ASH_COATED_OSMIUM;9993;14;9990;27;;;10011;27;;;;;10002.0;0.0
0;43700;ASH_COATED_OSMIUM;9993;10;;;;;10011;26;;;;;10002.0;0.0
0;43700;INTARIAN_PEPPER_ROOT;9795;9;9792;22;;;9808;9;9811;22;;;9801.5;0.0
0;43800;ASH_COATED_OSMIUM;9993;11;9990;30;;;10011;30;;;;;10002.0;0.0
0;43800;INTARIAN_PEPPER_ROOT;9791;19;;;;;9807;12;9810;19;;;9799.0;0.0
0;43900;INTARIAN_PEPPER_ROOT;9794;9;9791;19;;;9810;19;;;;;9802.0;0.0
0;43900;ASH_COATED_OSMIUM;9993;13;9991;26;;;10009;13;10012;26;;;10001.0;0.0
0;44000;INTARIAN_PEPPER_ROOT;9793;9;9790;25;;;9807;9;9810;25;;;9800.0;0.0
0;44000;ASH_COATED_OSMIUM;9993;12;9990;22;;;10009;12;10011;22;;;10001.0;0.0
0;44100;ASH_COATED_OSMIUM;9993;11;9990;28;;;10009;11;10011;28;;;10001.0;0.0
0;44100;INTARIAN_PEPPER_ROOT;9793;10;9790;18;;;9806;10;9809;18;;;9799.5;0.0
0;44200;ASH_COATED_OSMIUM;9993;12;9990;22;;;10009;12;10011;22;;;10001.0;0.0
0;44200;INTARIAN_PEPPER_ROOT;9793;9;9790;18;;;9809;18;;;;;9801.0;0.0
0;44300;INTARIAN_PEPPER_ROOT;9792;11;9789;24;;;9805;11;;;;;9798.5;0.0
0;44300;ASH_COATED_OSMIUM;9993;10;9991;25;;;10009;10;;;;;10001.0;0.0
0;44400;INTARIAN_PEPPER_ROOT;;;;;;;9807;21;;;;;9807.0;0.0
0;44400;ASH_COATED_OSMIUM;9993;11;9991;27;;;10009;11;10012;27;;;10001.0;0.0
0;44500;ASH_COATED_OSMIUM;9991;30;;;;;10010;10;10012;30;;;10000.5;0.0
0;44500;INTARIAN_PEPPER_ROOT;9788;24;;;;;9804;8;9807;24;;;9796.0;0.0
0;44600;ASH_COATED_OSMIUM;9993;12;9991;26;;;10009;12;10012;26;;;10001.0;0.0
0;44600;INTARIAN_PEPPER_ROOT;9790;8;9787;23;;;9803;8;9806;23;;;9796.5;0.0
0;44700;INTARIAN_PEPPER_ROOT;9787;22;;;;;9793;8;9803;11;9806;22;9790.0;0.0
0;44700;ASH_COATED_OSMIUM;9993;12;9991;28;;;10009;12;;;;;10001.0;0.0
0;44800;INTARIAN_PEPPER_ROOT;9789;8;;;;;9802;8;;;;;9795.5;0.0
0;44800;ASH_COATED_OSMIUM;9993;14;9991;21;;;10009;14;10012;21;;;10001.0;0.0
0;44900;ASH_COATED_OSMIUM;9990;24;;;;;10009;14;10011;24;;;9999.5;0.0
0;44900;INTARIAN_PEPPER_ROOT;9785;23;;;;;9801;12;;;;;9793.0;0.0
0;45000;ASH_COATED_OSMIUM;;;;;;;10008;15;10011;21;;;10008.0;0.0
0;45000;INTARIAN_PEPPER_ROOT;9788;12;9785;22;;;9805;22;;;;;9796.5;0.0
0;45100;INTARIAN_PEPPER_ROOT;9788;11;;;;;;;;;;;9788.0;0.0
0;45100;ASH_COATED_OSMIUM;9992;13;9990;22;;;10008;13;;;;;10000.0;0.0
0;45200;INTARIAN_PEPPER_ROOT;9788;10;9785;18;;;;;;;;;9788.0;0.0
0;45200;ASH_COATED_OSMIUM;9992;10;9990;29;;;9998;6;10008;10;10011;29;9995.0;0.0
0;45300;ASH_COATED_OSMIUM;9992;11;9990;28;;;10008;11;10011;28;;;10000.0;0.0
0;45300;INTARIAN_PEPPER_ROOT;9787;10;;;;;9800;10;9803;20;;;9793.5;0.0
0;45400;ASH_COATED_OSMIUM;9992;12;;;;;10011;22;;;;;10001.5;0.0
0;45400;INTARIAN_PEPPER_ROOT;;;;;;;9799;12;;;;;9799.0;0.0
0;45500;INTARIAN_PEPPER_ROOT;9783;22;;;;;9802;22;;;;;9792.5;0.0
0;45500;ASH_COATED_OSMIUM;9992;11;9990;28;;;10008;11;10011;28;;;10000.0;0.0
0;45600;INTARIAN_PEPPER_ROOT;9785;9;9782;22;;;9798;9;9801;22;;;9791.5;0.0
0;45600;ASH_COATED_OSMIUM;9989;25;;;;;10008;14;10010;25;;;9998.5;0.0
0;45700;ASH_COATED_OSMIUM;9992;12;;;;;10008;12;10011;28;;;10000.0;0.0
0;45700;INTARIAN_PEPPER_ROOT;9785;8;9782;25;;;9798;8;9801;25;;;9791.5;0.0
0;45800;ASH_COATED_OSMIUM;9991;14;9989;23;;;10007;14;10010;23;;;9999.0;0.0
0;45800;INTARIAN_PEPPER_ROOT;9784;8;9781;17;;;9797;8;;;;;9790.5;0.0
0;45900;INTARIAN_PEPPER_ROOT;9780;16;;;;;9796;8;;;;;9788.0;0.0
0;45900;ASH_COATED_OSMIUM;9992;14;;;;;10008;14;10010;26;;;10000.0;0.0
0;46000;INTARIAN_PEPPER_ROOT;9783;11;9780;20;;;9797;11;9800;20;;;9790.0;0.0
0;46000;ASH_COATED_OSMIUM;9991;11;9989;29;;;10010;29;;;;;10000.5;0.0
0;46100;ASH_COATED_OSMIUM;9989;25;;;;;10007;10;10010;25;;;9998.0;0.0
0;46100;INTARIAN_PEPPER_ROOT;9780;23;;;;;9796;9;9799;23;;;9788.0;0.0
0;46200;ASH_COATED_OSMIUM;9992;10;9989;20;;;10008;10;;;;;10000.0;0.0
0;46200;INTARIAN_PEPPER_ROOT;9782;8;9779;23;;;9795;8;9798;23;;;9788.5;0.0
0;46300;INTARIAN_PEPPER_ROOT;9782;12;9779;23;;;9795;12;;;;;9788.5;0.0
0;46300;ASH_COATED_OSMIUM;9992;11;9989;27;;;10001;2;10008;11;10010;27;9996.5;0.0
0;46400;INTARIAN_PEPPER_ROOT;9781;12;9778;16;;;9797;16;;;;;9789.0;0.0
0;46400;ASH_COATED_OSMIUM;9992;15;;;;;10008;15;10010;23;;;10000.0;0.0
0;46500;ASH_COATED_OSMIUM;10001;9;9992;13;9989;20;10008;13;10010;20;;;10004.5;0.0
0;46500;INTARIAN_PEPPER_ROOT;9781;9;9778;17;;;9794;9;9797;17;;;9787.5;0.0
0;46600;INTARIAN_PEPPER_ROOT;9780;8;9777;22;;;9793;8;;;;;9786.5;0.0
0;46600;ASH_COATED_OSMIUM;9991;11;;;;;10007;11;;;;;9999.0;0.0
0;46700;INTARIAN_PEPPER_ROOT;9779;9;9776;19;;;9792;9;9795;19;;;9785.5;0.0
0;46700;ASH_COATED_OSMIUM;9991;14;9989;27;;;10007;14;10010;27;;;9999.0;0.0
0;46800;INTARIAN_PEPPER_ROOT;9779;11;;;;;9792;11;;;;;9785.5;0.0
0;46800;ASH_COATED_OSMIUM;9991;13;9988;28;;;10007;13;10009;28;;;9999.0;0.0
0;46900;ASH_COATED_OSMIUM;9991;14;9989;24;;;;;;;;;9991.0;0.0
0;46900;INTARIAN_PEPPER_ROOT;9778;9;;;;;9791;9;;;;;9784.5;0.0
0;47000;ASH_COATED_OSMIUM;9991;15;9989;26;;;10001;2;10007;15;;;9996.0;0.0
0;47000;INTARIAN_PEPPER_ROOT;9778;8;9775;19;;;9792;8;9795;19;;;9785.0;0.0
0;47100;ASH_COATED_OSMIUM;9997;3;9992;15;9989;28;10008;15;10010;28;;;10002.5;0.0
0;47100;INTARIAN_PEPPER_ROOT;9778;10;;;;;9794;22;;;;;9786.0;0.0
0;47200;ASH_COATED_OSMIUM;9991;10;9989;23;;;10007;10;10010;23;;;9999.0;0.0
0;47200;INTARIAN_PEPPER_ROOT;9777;9;9774;18;;;9790;9;;;;;9783.5;0.0
0;47300;ASH_COATED_OSMIUM;9996;3;9988;29;;;10007;15;10009;29;;;10001.5;0.0
0;47300;INTARIAN_PEPPER_ROOT;9777;12;9774;16;;;9790;12;9793;16;;;9783.5;0.0
0;47400;ASH_COATED_OSMIUM;9991;11;;;;;10007;11;10009;28;;;9999.0;0.0
0;47400;INTARIAN_PEPPER_ROOT;9773;24;;;;;9789;9;9792;24;;;9781.0;0.0
0;47500;ASH_COATED_OSMIUM;9990;11;9987;21;;;10006;11;10008;21;;;9998.0;0.0
0;47500;INTARIAN_PEPPER_ROOT;9776;10;9773;17;;;9792;17;;;;;9784.0;0.0
0;47600;ASH_COATED_OSMIUM;9990;13;9988;29;;;10006;13;;;;;9998.0;0.0
0;47600;INTARIAN_PEPPER_ROOT;9775;11;9772;17;;;9791;17;;;;;9783.0;0.0
0;47700;INTARIAN_PEPPER_ROOT;9774;8;9771;24;;;9790;24;;;;;9782.0;0.0
0;47700;ASH_COATED_OSMIUM;9990;10;9988;23;;;10006;10;10009;23;;;9998.0;0.0
0;47800;INTARIAN_PEPPER_ROOT;9774;8;9771;18;;;9787;8;;;;;9780.5;0.0
0;47800;ASH_COATED_OSMIUM;9990;15;9988;27;;;10006;15;;;;;9998.0;0.0
0;47900;INTARIAN_PEPPER_ROOT;9773;8;9770;21;;;9786;8;;;;;9779.5;0.0
0;47900;ASH_COATED_OSMIUM;9990;13;9988;24;;;10009;24;;;;;9999.5;0.0
0;48000;INTARIAN_PEPPER_ROOT;9772;8;9769;18;;;9786;8;9789;18;;;9779.0;0.0
0;48000;ASH_COATED_OSMIUM;9990;13;9988;28;;;10006;13;;;;;9998.0;0.0
0;48100;ASH_COATED_OSMIUM;9990;10;9988;21;;;10006;10;10009;21;;;9998.0;0.0
0;48100;INTARIAN_PEPPER_ROOT;9782;7;9773;9;9770;23;9786;9;9789;23;;;9784.0;0.0
0;48200;INTARIAN_PEPPER_ROOT;9772;10;9769;19;;;9785;10;9788;19;;;9778.5;0.0
0;48200;ASH_COATED_OSMIUM;9988;25;;;;;10006;12;10009;25;;;9997.0;0.0
0;48300;ASH_COATED_OSMIUM;9990;11;9988;24;;;10006;11;;;;;9998.0;0.0
0;48300;INTARIAN_PEPPER_ROOT;9772;8;;;;;9785;8;9788;16;;;9778.5;0.0
0;48400;INTARIAN_PEPPER_ROOT;9771;11;9768;20;;;9784;11;;;;;9777.5;0.0
0;48400;ASH_COATED_OSMIUM;9988;23;;;;;10009;23;;;;;9998.5;0.0
0;48500;ASH_COATED_OSMIUM;9990;15;9988;29;;;10006;15;10009;29;;;9998.0;0.0
0;48500;INTARIAN_PEPPER_ROOT;9770;8;9767;16;;;9783;8;9786;16;;;9776.5;0.0
0;48600;INTARIAN_PEPPER_ROOT;9770;10;9767;25;;;9783;10;;;;;9776.5;0.0
0;48600;ASH_COATED_OSMIUM;9990;10;9988;22;;;10006;10;10009;22;;;9998.0;0.0
0;48700;ASH_COATED_OSMIUM;9990;11;9988;27;;;10009;27;;;;;9999.5;0.0
0;48700;INTARIAN_PEPPER_ROOT;9766;17;;;;;9782;12;;;;;9774.0;0.0
0;48800;INTARIAN_PEPPER_ROOT;;;;;;;9782;11;9785;16;;;9782.0;0.0
0;48800;ASH_COATED_OSMIUM;9990;14;;;;;10006;14;10009;21;;;9998.0;0.0
0;48900;ASH_COATED_OSMIUM;9991;11;9988;24;;;10007;11;10009;24;;;9999.0;0.0
0;48900;INTARIAN_PEPPER_ROOT;9768;8;9765;23;;;9781;8;;;;;9774.5;0.0
0;49000;INTARIAN_PEPPER_ROOT;9767;9;9764;17;;;9781;9;;;;;9774.0;0.0
0;49000;ASH_COATED_OSMIUM;9991;13;;;;;10007;13;10009;22;;;9999.0;0.0
0;49100;ASH_COATED_OSMIUM;9991;13;;;;;10007;13;;;;;9999.0;0.0
0;49100;INTARIAN_PEPPER_ROOT;9768;10;9765;21;;;9781;10;9784;21;;;9774.5;0.0
0;49200;INTARIAN_PEPPER_ROOT;9767;8;9764;18;;;9780;8;;;;;9773.5;0.0
0;49200;ASH_COATED_OSMIUM;;;;;;;10009;29;;;;;10009.0;0.0
0;49300;ASH_COATED_OSMIUM;9990;12;9987;30;;;10006;12;10008;30;;;9998.0;0.0
0;49300;INTARIAN_PEPPER_ROOT;9767;12;9764;18;;;9783;18;;;;;9775.0;0.0
0;49400;INTARIAN_PEPPER_ROOT;9763;23;;;;;9779;8;9782;23;;;9771.0;0.0
0;49400;ASH_COATED_OSMIUM;9999;9;9990;15;9987;21;10006;15;10008;21;;;10002.5;0.0
0;49500;ASH_COATED_OSMIUM;9990;10;9987;21;;;10008;21;;;;;9999.0;0.0
0;49500;INTARIAN_PEPPER_ROOT;9765;12;9762;18;;;9778;12;9781;18;;;9771.5;0.0
0;49600;INTARIAN_PEPPER_ROOT;9765;9;9762;17;;;9778;9;9781;17;;;9771.5;0.0
0;49600;ASH_COATED_OSMIUM;9988;21;;;;;10006;10;10009;21;;;9997.0;0.0
0;49700;ASH_COATED_OSMIUM;9990;14;9988;29;;;10006;14;10009;29;;;9998.0;0.0
0;49700;INTARIAN_PEPPER_ROOT;9764;8;9761;19;;;9777;8;9780;19;;;9770.5;0.0
0;49800;INTARIAN_PEPPER_ROOT;9764;9;9761;22;;;9777;9;9780;22;;;9770.5;0.0
0;49800;ASH_COATED_OSMIUM;9991;12;9988;21;;;10007;12;10009;21;;;9999.0;0.0
0;49900;ASH_COATED_OSMIUM;9991;10;9989;27;;;10010;27;;;;;10000.5;0.0
0;49900;INTARIAN_PEPPER_ROOT;9763;8;9760;25;;;;;;;;;9763.0;0.0
0;50000;INTARIAN_PEPPER_ROOT;9762;10;9759;22;;;9776;10;;;;;9769.0;0.0
0;50000;ASH_COATED_OSMIUM;9991;15;9988;21;;;10007;15;10009;21;;;9999.0;0.0
0;50100;ASH_COATED_OSMIUM;9991;10;9988;24;;;10007;10;10009;24;;;9999.0;0.0
0;50100;INTARIAN_PEPPER_ROOT;9763;9;9760;15;;;9779;15;;;;;9771.0;0.0
0;50200;INTARIAN_PEPPER_ROOT;9762;8;;;;;9778;22;;;;;9770.0;0.0
0;50200;ASH_COATED_OSMIUM;9991;10;9988;25;;;10009;25;;;;;10000.0;0.0
0;50300;ASH_COATED_OSMIUM;9990;15;9988;25;;;10009;25;;;;;9999.5;0.0
0;50300;INTARIAN_PEPPER_ROOT;9759;19;;;;;9775;8;9778;19;;;9767.0;0.0
0;50400;INTARIAN_PEPPER_ROOT;9761;9;9758;20;;;9777;20;;;;;9769.0;0.0
0;50400;ASH_COATED_OSMIUM;9991;13;9988;22;;;10007;13;10009;22;;;9999.0;0.0
0;50500;ASH_COATED_OSMIUM;9990;10;9988;20;;;10006;10;10009;20;;;9998.0;0.0
0;50500;INTARIAN_PEPPER_ROOT;9760;9;9757;24;;;9773;9;9776;24;;;9766.5;0.0
0;50600;INTARIAN_PEPPER_ROOT;9757;15;;;;;9776;15;;;;;9766.5;0.0
0;50600;ASH_COATED_OSMIUM;9990;14;9988;23;;;10006;14;10009;23;;;9998.0;0.0
0;50700;ASH_COATED_OSMIUM;9990;11;9988;21;;;10006;11;10009;21;;;9998.0;0.0
0;50700;INTARIAN_PEPPER_ROOT;9759;9;9756;15;;;9772;9;9775;15;;;9765.5;0.0
0;50800;INTARIAN_PEPPER_ROOT;9758;11;9755;15;;;9771;11;9774;15;;;9764.5;0.0
0;50800;ASH_COATED_OSMIUM;9990;15;;;;;10006;15;10009;29;;;9998.0;0.0
0;50900;ASH_COATED_OSMIUM;9990;14;9988;22;;;10009;22;;;;;9999.5;0.0
0;50900;INTARIAN_PEPPER_ROOT;9758;9;9755;19;;;9771;9;9774;19;;;9764.5;0.0
0;51000;INTARIAN_PEPPER_ROOT;9757;11;9754;21;;;9771;11;9774;21;;;9764.0;0.0
0;51000;ASH_COATED_OSMIUM;9987;30;;;;;10006;11;10008;30;;;9996.5;0.0
0;51100;INTARIAN_PEPPER_ROOT;9758;11;9755;17;;;9771;11;9774;17;;;9764.5;0.0
0;51100;ASH_COATED_OSMIUM;9990;11;9988;26;;;10006;11;;;;;9998.0;0.0
0;51200;INTARIAN_PEPPER_ROOT;9754;22;;;;;9770;9;9773;22;;;9762.0;0.0
0;51200;ASH_COATED_OSMIUM;9991;12;9989;30;;;10007;12;10010;30;;;9999.0;0.0
0;51300;INTARIAN_PEPPER_ROOT;9753;15;;;;;9769;8;9772;15;;;9761.0;0.0
0;51300;ASH_COATED_OSMIUM;9991;14;9989;28;;;10007;14;10010;28;;;9999.0;0.0
0;51400;ASH_COATED_OSMIUM;9997;4;9991;11;9989;26;10007;11;10010;26;;;10002.0;0.0
0;51400;INTARIAN_PEPPER_ROOT;9756;12;9753;22;;;;;;;;;9756.0;0.0
0;51500;ASH_COATED_OSMIUM;9991;15;;;;;10009;20;;;;;10000.0;0.0
0;51500;INTARIAN_PEPPER_ROOT;9755;9;;;;;9768;9;9771;20;;;9761.5;0.0
0;51600;ASH_COATED_OSMIUM;9991;11;9988;23;;;10007;11;10009;23;;;9999.0;0.0
0;51600;INTARIAN_PEPPER_ROOT;9755;8;9752;19;;;9768;8;9771;19;;;9761.5;0.0
0;51700;ASH_COATED_OSMIUM;9990;13;9988;26;;;10006;13;10009;26;;;9998.0;0.0
0;51700;INTARIAN_PEPPER_ROOT;9754;12;9751;19;;;9770;19;;;;;9762.0;0.0
0;51800;ASH_COATED_OSMIUM;9991;14;9988;30;;;10009;30;;;;;10000.0;0.0
0;51800;INTARIAN_PEPPER_ROOT;9753;11;9750;18;;;9766;11;9769;18;;;9759.5;0.0
0;51900;ASH_COATED_OSMIUM;9988;30;;;;;10007;15;10009;30;;;9997.5;0.0
0;51900;INTARIAN_PEPPER_ROOT;9750;16;;;;;9766;9;9769;16;;;9758.0;0.0
0;52000;ASH_COATED_OSMIUM;9991;10;9988;30;;;10007;10;;;;;9999.0;0.0
0;52000;INTARIAN_PEPPER_ROOT;;;;;;;9766;9;9769;15;;;9766.0;0.0
0;52100;INTARIAN_PEPPER_ROOT;9753;12;9750;18;;;9766;12;;;;;9759.5;0.0
0;52100;ASH_COATED_OSMIUM;9992;15;9989;24;;;10008;15;;;;;10000.0;0.0
0;52200;INTARIAN_PEPPER_ROOT;9752;10;9749;20;;;9765;10;9768;20;;;9758.5;0.0
0;52200;ASH_COATED_OSMIUM;9991;13;9989;20;;;10007;13;;;;;9999.0;0.0
0;52300;INTARIAN_PEPPER_ROOT;9751;10;9748;25;;;9767;25;;;;;9759.0;0.0
0;52300;ASH_COATED_OSMIUM;9989;23;;;;;10007;10;10010;23;;;9998.0;0.0
0;52400;INTARIAN_PEPPER_ROOT;9751;12;9748;20;;;9764;12;;;;;9757.5;0.0
0;52400;ASH_COATED_OSMIUM;;;;;;;10006;12;10009;26;;;10006.0;0.0
0;52500;INTARIAN_PEPPER_ROOT;9750;11;9747;15;;;9763;11;9766;15;;;9756.5;0.0
0;52500;ASH_COATED_OSMIUM;9990;12;9987;26;;;;;;;;;9990.0;0.0
0;52600;INTARIAN_PEPPER_ROOT;9760;8;9750;10;;;9763;10;9766;23;;;9761.5;0.0
0;52600;ASH_COATED_OSMIUM;9990;13;9987;27;;;10006;13;10008;27;;;9998.0;0.0
0;52700;ASH_COATED_OSMIUM;;;;;;;10006;12;10008;26;;;10006.0;0.0
0;52700;INTARIAN_PEPPER_ROOT;9749;8;;;;;9762;8;;;;;9755.5;0.0
0;52800;ASH_COATED_OSMIUM;9989;10;;;;;10005;10;;;;;9997.0;0.0
0;52800;INTARIAN_PEPPER_ROOT;9748;11;;;;;9761;11;9764;24;;;9754.5;0.0
0;52900;INTARIAN_PEPPER_ROOT;9748;11;9745;19;;;9761;11;9764;19;;;9754.5;0.0
0;52900;ASH_COATED_OSMIUM;9989;11;9986;29;;;10005;11;10007;29;;;9997.0;0.0
0;53000;INTARIAN_PEPPER_ROOT;9744;21;;;;;9761;8;;;;;9752.5;0.0
0;53000;ASH_COATED_OSMIUM;9989;14;9986;30;;;10005;14;10007;30;;;9997.0;0.0
0;53100;ASH_COATED_OSMIUM;9989;10;9986;28;;;10007;28;;;;;9998.0;0.0
0;53100;INTARIAN_PEPPER_ROOT;9748;12;9745;18;;;9761;12;;;;;9754.5;0.0
0;53200;ASH_COATED_OSMIUM;9989;10;9987;21;;;10005;10;10008;21;;;9997.0;0.0
0;53200;INTARIAN_PEPPER_ROOT;9756;5;9747;11;9744;24;9760;11;9763;24;;;9758.0;0.0
0;53300;INTARIAN_PEPPER_ROOT;9743;18;;;;;9759;10;;;;;9751.0;0.0
0;53300;ASH_COATED_OSMIUM;9990;13;9987;30;;;10006;13;;;;;9998.0;0.0
0;53400;INTARIAN_PEPPER_ROOT;9746;10;;;;;9762;19;;;;;9754.0;0.0
0;53400;ASH_COATED_OSMIUM;9990;10;9987;21;;;10006;10;10008;21;;;9998.0;0.0
0;53500;ASH_COATED_OSMIUM;9987;23;;;;;10006;10;10008;23;;;9996.5;0.0
0;53500;INTARIAN_PEPPER_ROOT;9745;8;9742;18;;;9758;8;9761;18;;;9751.5;0.0
0;53600;ASH_COATED_OSMIUM;9990;12;9987;28;;;10006;12;10008;28;;;9998.0;0.0
0;53600;INTARIAN_PEPPER_ROOT;9745;12;9742;23;;;9747;5;9761;23;;;9746.0;0.0
0;53700;INTARIAN_PEPPER_ROOT;9744;8;9741;18;;;9757;8;9760;18;;;9750.5;0.0
0;53700;ASH_COATED_OSMIUM;9990;11;9987;26;;;10008;26;;;;;9999.0;0.0
0;53800;INTARIAN_PEPPER_ROOT;9743;9;9740;16;;;9756;9;9759;16;;;9749.5;0.0
0;53800;ASH_COATED_OSMIUM;9990;11;;;;;9995;8;10006;11;10008;24;9992.5;0.0
0;53900;ASH_COATED_OSMIUM;9989;11;9987;25;;;10005;11;10008;25;;;9997.0;0.0
0;53900;INTARIAN_PEPPER_ROOT;9743;9;9740;16;;;9759;16;;;;;9751.0;0.0
0;54000;ASH_COATED_OSMIUM;9989;15;9986;25;;;10005;15;;;;;9997.0;0.0
0;54000;INTARIAN_PEPPER_ROOT;9742;12;9739;23;;;9759;23;;;;;9750.5;0.0
0;54100;INTARIAN_PEPPER_ROOT;;;;;;;9756;8;9759;16;;;9756.0;0.0
0;54100;ASH_COATED_OSMIUM;9986;21;;;;;10005;13;10007;21;;;9995.5;0.0
0;54200;INTARIAN_PEPPER_ROOT;9742;10;9739;23;;;9758;23;;;;;9750.0;0.0
0;54200;ASH_COATED_OSMIUM;9989;14;9986;30;;;10005;14;10007;30;;;9997.0;0.0
0;54300;ASH_COATED_OSMIUM;9988;15;9986;24;;;10004;15;10007;24;;;9996.0;0.0
0;54300;INTARIAN_PEPPER_ROOT;9738;16;;;;;9754;8;9757;16;;;9746.0;0.0
0;54400;ASH_COATED_OSMIUM;9988;10;9986;30;;;10004;10;10007;30;;;9996.0;0.0
0;54400;INTARIAN_PEPPER_ROOT;9741;11;;;;;9754;11;9757;15;;;9747.5;0.0
0;54500;INTARIAN_PEPPER_ROOT;9740;8;9737;21;;;9753;8;9756;21;;;9746.5;0.0
0;54500;ASH_COATED_OSMIUM;9988;11;9986;23;;;10004;11;;;;;9996.0;0.0
0;54600;INTARIAN_PEPPER_ROOT;9737;20;;;;;9756;20;;;;;9746.5;0.0
0;54600;ASH_COATED_OSMIUM;9988;12;9986;29;;;10004;12;10007;29;;;9996.0;0.0
0;54700;ASH_COATED_OSMIUM;9988;14;9986;30;;;10007;30;;;;;9997.5;0.0
0;54700;INTARIAN_PEPPER_ROOT;9739;10;9736;17;;;9752;10;;;;;9745.5;0.0
0;54800;ASH_COATED_OSMIUM;9988;12;;;;;10004;12;;;;;9996.0;0.0
0;54800;INTARIAN_PEPPER_ROOT;9735;25;;;;;9751;9;9754;25;;;9743.0;0.0
0;54900;INTARIAN_PEPPER_ROOT;9735;18;;;;;9754;18;;;;;9744.5;0.0
0;54900;ASH_COATED_OSMIUM;9988;15;;;;;;;;;;;9988.0;0.0
0;55000;INTARIAN_PEPPER_ROOT;9737;10;9734;20;;;9751;10;9754;20;;;9744.0;0.0
0;55000;ASH_COATED_OSMIUM;9988;10;9986;29;;;10004;10;10007;29;;;9996.0;0.0
0;55100;ASH_COATED_OSMIUM;9988;11;9986;27;;;10007;27;;;;;9997.5;0.0
0;55100;INTARIAN_PEPPER_ROOT;9738;8;9735;18;;;9751;8;9754;18;;;9744.5;0.0
0;55200;ASH_COATED_OSMIUM;9985;23;;;;;10006;23;;;;;9995.5;0.0
0;55200;INTARIAN_PEPPER_ROOT;9737;9;9734;25;;;9750;9;9753;25;;;9743.5;0.0
0;55300;INTARIAN_PEPPER_ROOT;9736;9;9733;17;;;9749;9;9752;17;;;9742.5;0.0
0;55300;ASH_COATED_OSMIUM;9988;10;9986;30;;;10004;10;10007;30;;;9996.0;0.0
0;55400;INTARIAN_PEPPER_ROOT;9733;17;;;;;9749;10;9752;17;;;9741.0;0.0
0;55400;ASH_COATED_OSMIUM;9985;24;;;;;10004;14;10006;24;;;9994.5;0.0
0;55500;INTARIAN_PEPPER_ROOT;9735;11;;;;;9748;11;;;;;9741.5;0.0
0;55500;ASH_COATED_OSMIUM;9988;13;9986;23;;;10004;13;10007;23;;;9996.0;0.0
0;55600;INTARIAN_PEPPER_ROOT;9735;12;;;;;9748;12;9751;16;;;9741.5;0.0
0;55600;ASH_COATED_OSMIUM;9988;14;;;;;10004;14;10006;23;;;9996.0;0.0
0;55700;INTARIAN_PEPPER_ROOT;9738;8;9734;9;9731;15;9747;9;9750;15;;;9742.5;0.0
0;55700;ASH_COATED_OSMIUM;9988;11;;;;;10004;11;10006;20;;;9996.0;0.0
0;55800;ASH_COATED_OSMIUM;;;;;;;10004;11;10006;30;;;10004.0;0.0
0;55800;INTARIAN_PEPPER_ROOT;9733;12;9730;20;;;9746;12;9749;20;;;9739.5;0.0
0;55900;ASH_COATED_OSMIUM;9985;22;;;;;10004;15;10006;22;;;9994.5;0.0
0;55900;INTARIAN_PEPPER_ROOT;9733;12;9730;16;;;9746;12;9749;16;;;9739.5;0.0
0;56000;ASH_COATED_OSMIUM;9988;15;9985;23;;;10004;15;10006;23;;;9996.0;0.0
0;56000;INTARIAN_PEPPER_ROOT;9732;8;9729;25;;;9746;8;9749;25;;;9739.0;0.0
0;56100;ASH_COATED_OSMIUM;9988;14;9986;24;;;10004;14;10007;24;;;9996.0;0.0
0;56100;INTARIAN_PEPPER_ROOT;9730;15;;;;;9746;10;;;;;9738.0;0.0
0;56200;ASH_COATED_OSMIUM;9988;13;9986;24;;;;;;;;;9988.0;0.0
0;56200;INTARIAN_PEPPER_ROOT;9732;8;;;;;9745;8;9748;15;;;9738.5;0.0
0;56300;ASH_COATED_OSMIUM;9988;13;9986;22;;;10004;13;10007;22;;;9996.0;0.0
0;56300;INTARIAN_PEPPER_ROOT;9731;12;9728;24;;;9747;24;;;;;9739.0;0.0
0;56400;ASH_COATED_OSMIUM;9988;11;;;;;9997;3;10004;11;10006;24;9992.5;0.0
0;56400;INTARIAN_PEPPER_ROOT;9731;11;9728;18;;;9744;11;9747;18;;;9737.5;0.0
0;56500;ASH_COATED_OSMIUM;9987;10;9985;24;;;9997;4;;;;;9992.0;0.0
0;56500;INTARIAN_PEPPER_ROOT;9730;8;9727;23;;;9743;8;9746;23;;;9736.5;0.0
0;56600;INTARIAN_PEPPER_ROOT;9730;11;9727;23;;;9743;11;;;;;9736.5;0.0
0;56600;ASH_COATED_OSMIUM;9988;15;9985;29;;;10004;15;10006;29;;;9996.0;0.0
0;56700;INTARIAN_PEPPER_ROOT;;;;;;;9742;10;9745;20;;;9742.0;0.0
0;56700;ASH_COATED_OSMIUM;9988;10;9985;20;;;10006;20;;;;;9997.0;0.0
0;56800;INTARIAN_PEPPER_ROOT;9728;12;9725;18;;;9741;12;9744;18;;;9734.5;0.0
0;56800;ASH_COATED_OSMIUM;9988;12;;;;;10004;12;10007;28;;;9996.0;0.0
0;56900;ASH_COATED_OSMIUM;9989;10;9986;20;;;10005;10;10007;20;;;9997.0;0.0
0;56900;INTARIAN_PEPPER_ROOT;9725;19;;;;;9741;12;9744;19;;;9733.0;0.0
0;57000;INTARIAN_PEPPER_ROOT;9724;25;;;;;9744;25;;;;;9734.0;0.0
0;57000;ASH_COATED_OSMIUM;9989;12;9986;30;;;10005;12;10007;30;;;9997.0;0.0
0;57100;ASH_COATED_OSMIUM;9988;14;9986;24;;;10004;14;;;;;9996.0;0.0
0;57100;INTARIAN_PEPPER_ROOT;9725;25;;;;;;;;;;;9725.0;0.0
0;57200;INTARIAN_PEPPER_ROOT;9727;12;9724;21;;;9740;12;9743;21;;;9733.5;0.0
0;57200;ASH_COATED_OSMIUM;9989;11;9986;25;;;10005;11;;;;;9997.0;0.0
0;57300;ASH_COATED_OSMIUM;9989;11;9986;28;;;9998;3;10005;11;10007;28;9993.5;0.0
0;57300;INTARIAN_PEPPER_ROOT;9726;11;9723;24;;;9739;11;9742;24;;;9732.5;0.0
0;57400;INTARIAN_PEPPER_ROOT;9726;11;;;;;9739;11;9742;15;;;9732.5;0.0
0;57400;ASH_COATED_OSMIUM;9988;15;9986;25;;;10007;25;;;;;9997.5;0.0
0;57500;ASH_COATED_OSMIUM;9988;12;9985;27;;;10004;12;10006;27;;;9996.0;0.0
0;57500;INTARIAN_PEPPER_ROOT;9729;8;9725;10;9722;19;9738;10;9741;19;;;9733.5;0.0
0;57600;INTARIAN_PEPPER_ROOT;9725;11;9722;18;;;;;;;;;9725.0;0.0
0;57600;ASH_COATED_OSMIUM;9987;14;9985;22;;;10003;14;;;;;9995.0;0.0
0;57700;ASH_COATED_OSMIUM;9985;30;;;;;10003;10;10006;30;;;9994.0;0.0
0;57700;INTARIAN_PEPPER_ROOT;9724;8;9721;23;;;9737;8;9740;23;;;9730.5;0.0
0;57800;INTARIAN_PEPPER_ROOT;9720;18;;;;;9736;10;9739;18;;;9728.0;0.0
0;57800;ASH_COATED_OSMIUM;9987;13;9985;27;;;;;;;;;9987.0;0.0
0;57900;ASH_COATED_OSMIUM;9985;27;;;;;10003;15;10006;27;;;9994.0;0.0
0;57900;INTARIAN_PEPPER_ROOT;9720;18;;;;;9736;8;9739;18;;;9728.0;0.0
0;58000;INTARIAN_PEPPER_ROOT;9722;9;9719;21;;;9736;9;9739;21;;;9729.0;0.0
0;58000;ASH_COATED_OSMIUM;9987;14;9985;27;;;10003;14;10006;27;;;9995.0;0.0
0;58100;ASH_COATED_OSMIUM;;;;;;;10003;14;10006;20;;;10003.0;0.0
0;58100;INTARIAN_PEPPER_ROOT;9723;11;9720;17;;;9736;11;9739;17;;;9729.5;0.0
0;58200;INTARIAN_PEPPER_ROOT;9719;24;;;;;9738;24;;;;;9728.5;0.0
0;58200;ASH_COATED_OSMIUM;9987;10;9985;27;;;10006;27;;;;;9996.5;0.0
0;58300;ASH_COATED_OSMIUM;9987;15;;;;;10003;15;10006;29;;;9995.0;0.0
0;58300;INTARIAN_PEPPER_ROOT;9722;8;9719;24;;;9735;8;9738;24;;;9728.5;0.0
0;58400;INTARIAN_PEPPER_ROOT;9721;8;;;;;9734;8;;;;;9727.5;0.0
0;58400;ASH_COATED_OSMIUM;9987;11;9984;23;;;10003;11;10005;23;;;9995.0;0.0
0;58500;ASH_COATED_OSMIUM;9987;15;;;;;10003;15;;;;;9995.0;0.0
0;58500;INTARIAN_PEPPER_ROOT;9720;12;9717;19;;;9733;12;9736;19;;;9726.5;0.0
0;58600;INTARIAN_PEPPER_ROOT;9720;9;9717;21;;;9736;21;;;;;9728.0;0.0
0;58600;ASH_COATED_OSMIUM;9987;12;9984;25;;;10003;12;10005;25;;;9995.0;0.0
0;58700;ASH_COATED_OSMIUM;9987;12;9984;29;;;10003;12;10005;29;;;9995.0;0.0
0;58700;INTARIAN_PEPPER_ROOT;9719;8;;;;;9732;8;9735;16;;;9725.5;0.0
0;58800;INTARIAN_PEPPER_ROOT;9719;9;9716;17;;;9732;9;9735;17;;;9725.5;0.0
0;58800;ASH_COATED_OSMIUM;9987;15;9984;28;;;10003;15;10005;28;;;9995.0;0.0
0;58900;ASH_COATED_OSMIUM;9987;14;9985;24;;;10003;14;10006;24;;;9995.0;0.0
0;58900;INTARIAN_PEPPER_ROOT;9718;11;9715;24;;;9731;11;;;;;9724.5;0.0
0;59000;INTARIAN_PEPPER_ROOT;;;;;;;9731;11;9734;25;;;9731.0;0.0
0;59000;ASH_COATED_OSMIUM;9987;10;9985;21;;;10003;10;10006;21;;;9995.0;0.0
0;59100;ASH_COATED_OSMIUM;9985;28;;;;;10006;28;;;;;9995.5;0.0
0;59100;INTARIAN_PEPPER_ROOT;9718;10;9715;24;;;9731;10;;;;;9724.5;0.0
0;59200;INTARIAN_PEPPER_ROOT;9717;12;9714;25;;;9730;12;;;;;9723.5;0.0
0;59200;ASH_COATED_OSMIUM;9992;5;9987;12;9984;20;10005;20;;;;;9998.5;0.0
0;59300;ASH_COATED_OSMIUM;9984;24;;;;;10003;15;10005;24;;;9993.5;0.0
0;59300;INTARIAN_PEPPER_ROOT;9717;8;9714;19;;;9730;8;9733;19;;;9723.5;0.0
0;59400;INTARIAN_PEPPER_ROOT;9716;8;9713;17;;;9729;8;;;;;9722.5;0.0
0;59400;ASH_COATED_OSMIUM;9986;10;;;;;10002;10;10004;27;;;9994.0;0.0
0;59500;ASH_COATED_OSMIUM;9986;14;;;;;10002;14;10005;22;;;9994.0;0.0
0;59500;INTARIAN_PEPPER_ROOT;9715;8;9712;20;;;9728;8;9731;20;;;9721.5;0.0
0;59600;INTARIAN_PEPPER_ROOT;9715;9;9712;22;;;9728;9;9731;22;;;9721.5;0.0
0;59600;ASH_COATED_OSMIUM;9983;26;;;;;10004;26;;;;;9993.5;0.0
0;59700;ASH_COATED_OSMIUM;9986;11;9984;24;;;9996;3;10002;11;10005;24;9991.0;0.0
0;59700;INTARIAN_PEPPER_ROOT;9714;11;9711;18;;;9723;12;9727;11;9730;18;9718.5;0.0
0;59800;INTARIAN_PEPPER_ROOT;9714;8;9711;16;;;9727;8;;;;;9720.5;0.0
0;59800;ASH_COATED_OSMIUM;9983;29;;;;;10002;12;10004;29;;;9992.5;0.0
0;59900;INTARIAN_PEPPER_ROOT;9713;12;9710;23;;;9726;12;9729;23;;;9719.5;0.0
0;59900;ASH_COATED_OSMIUM;9987;14;9984;23;;;;;;;;;9987.0;0.0
0;60000;INTARIAN_PEPPER_ROOT;9712;9;9709;24;;;9726;9;9729;24;;;9719.0;0.0
0;60000;ASH_COATED_OSMIUM;9987;14;;;;;10003;14;10005;29;;;9995.0;0.0
0;60100;INTARIAN_PEPPER_ROOT;9713;11;9710;19;;;9726;11;9729;19;;;9719.5;0.0
0;60100;ASH_COATED_OSMIUM;9987;11;9984;21;;;10003;11;10005;21;;;9995.0;0.0
0;60200;INTARIAN_PEPPER_ROOT;9709;19;;;;;9725;10;9728;19;;;9717.0;0.0
0;60200;ASH_COATED_OSMIUM;9987;13;9984;24;;;10003;13;10005;24;;;9995.0;0.0
0;60300;ASH_COATED_OSMIUM;9984;21;;;;;9992;9;10005;21;;;9988.0;0.0
0;60300;INTARIAN_PEPPER_ROOT;9712;8;9709;19;;;9725;8;9728;19;;;9718.5;0.0
0;60400;ASH_COATED_OSMIUM;9987;13;9984;26;;;10003;13;10005;26;;;9995.0;0.0
0;60400;INTARIAN_PEPPER_ROOT;9711;11;9708;16;;;9724;11;;;;;9717.5;0.0
0;60500;ASH_COATED_OSMIUM;9987;13;;;;;10003;13;;;;;9995.0;0.0
0;60500;INTARIAN_PEPPER_ROOT;9710;10;9707;22;;;9723;10;9726;22;;;9716.5;0.0
0;60600;ASH_COATED_OSMIUM;9987;11;9985;26;;;10003;11;10006;26;;;9995.0;0.0
0;60600;INTARIAN_PEPPER_ROOT;9710;10;9707;25;;;9723;10;;;;;9716.5;0.0
0;60700;ASH_COATED_OSMIUM;9988;14;9985;23;;;10004;14;10006;23;;;9996.0;0.0
0;60700;INTARIAN_PEPPER_ROOT;9709;8;;;;;9722;8;9725;16;;;9715.5;0.0
0;60800;ASH_COATED_OSMIUM;9984;23;;;;;10003;15;10005;23;;;9993.5;0.0
0;60800;INTARIAN_PEPPER_ROOT;9709;12;9706;19;;;9725;19;;;;;9717.0;0.0
0;60900;ASH_COATED_OSMIUM;9987;12;9985;30;;;10003;12;10006;30;;;9995.0;0.0
0;60900;INTARIAN_PEPPER_ROOT;9705;24;;;;;9721;12;;;;;9713.0;0.0
0;61000;INTARIAN_PEPPER_ROOT;9708;10;9705;23;;;9722;10;9725;23;;;9715.0;0.0
0;61000;ASH_COATED_OSMIUM;9988;15;;;;;10006;26;;;;;9997.0;0.0
0;61100;INTARIAN_PEPPER_ROOT;9708;8;9705;15;;;9721;8;9724;15;;;9714.5;0.0
0;61100;ASH_COATED_OSMIUM;9989;13;;;;;10005;13;10007;30;;;9997.0;0.0
0;61200;INTARIAN_PEPPER_ROOT;9707;11;9704;22;;;9720;11;;;;;9713.5;0.0
0;61200;ASH_COATED_OSMIUM;9989;11;9986;27;;;10005;11;;;;;9997.0;0.0
0;61300;INTARIAN_PEPPER_ROOT;9704;23;;;;;9723;23;;;;;9713.5;0.0
0;61300;ASH_COATED_OSMIUM;9989;11;9986;30;;;10007;30;;;;;9998.0;0.0
0;61400;ASH_COATED_OSMIUM;;;;;;;10007;23;;;;;10007.0;0.0
0;61400;INTARIAN_PEPPER_ROOT;9706;10;9703;21;;;9719;10;9722;21;;;9712.5;0.0
0;61500;INTARIAN_PEPPER_ROOT;9706;11;9703;23;;;9722;23;;;;;9714.0;0.0
0;61500;ASH_COATED_OSMIUM;;;;;;;10005;14;10007;30;;;10005.0;0.0
0;61600;INTARIAN_PEPPER_ROOT;9705;9;;;;;9718;9;9721;15;;;9711.5;0.0
0;61600;ASH_COATED_OSMIUM;9989;13;9986;21;;;10005;13;;;;;9997.0;0.0
0;61700;ASH_COATED_OSMIUM;9989;11;;;;;10005;11;10007;29;;;9997.0;0.0
0;61700;INTARIAN_PEPPER_ROOT;9704;11;9701;22;;;;;;;;;9704.0;0.0
0;61800;ASH_COATED_OSMIUM;9989;12;9986;27;;;10005;12;10007;27;;;9997.0;0.0
0;61800;INTARIAN_PEPPER_ROOT;9704;10;9701;18;;;9717;10;9720;18;;;9710.5;0.0
0;61900;INTARIAN_PEPPER_ROOT;9707;6;9703;11;9700;18;9716;11;9719;18;;;9711.5;0.0
0;61900;ASH_COATED_OSMIUM;9989;10;9987;21;;;10005;10;10008;21;;;9997.0;0.0
0;62000;INTARIAN_PEPPER_ROOT;9700;17;;;;;9717;12;9720;17;;;9708.5;0.0
0;62000;ASH_COATED_OSMIUM;9989;13;9986;21;;;10005;13;10007;21;;;9997.0;0.0
0;62100;ASH_COATED_OSMIUM;9988;12;9986;24;;;;;;;;;9988.0;0.0
0;62100;INTARIAN_PEPPER_ROOT;9703;8;9700;21;;;9716;8;9719;21;;;9709.5;0.0
0;62200;ASH_COATED_OSMIUM;9987;29;;;;;10008;29;;;;;9997.5;0.0
0;62200;INTARIAN_PEPPER_ROOT;9703;11;9700;16;;;9716;11;9719;16;;;9709.5;0.0
0;62300;INTARIAN_PEPPER_ROOT;9702;12;9699;18;;;9718;18;;;;;9710.0;0.0
0;62300;ASH_COATED_OSMIUM;9989;14;9987;21;;;10005;14;;;;;9997.0;0.0
0;62400;INTARIAN_PEPPER_ROOT;9701;10;9698;15;;;9714;10;9717;15;;;9707.5;0.0
0;62400;ASH_COATED_OSMIUM;9989;13;9987;30;;;10005;13;10008;30;;;9997.0;0.0
0;62500;ASH_COATED_OSMIUM;9987;24;;;;;10005;14;10008;24;;;9996.0;0.0
0;62500;INTARIAN_PEPPER_ROOT;9701;9;9698;17;;;9714;9;9717;17;;;9707.5;0.0
0;62600;ASH_COATED_OSMIUM;9990;15;9987;25;;;10006;15;;;;;9998.0;0.0
0;62600;INTARIAN_PEPPER_ROOT;9700;12;9697;25;;;9713;12;9716;25;;;9706.5;0.0
0;62700;INTARIAN_PEPPER_ROOT;9700;11;9697;17;;;9713;11;9716;17;;;9706.5;0.0
0;62700;ASH_COATED_OSMIUM;9989;15;9986;24;;;10005;15;10007;24;;;9997.0;0.0
0;62800;INTARIAN_PEPPER_ROOT;9696;25;;;;;9712;10;9715;25;;;9704.0;0.0
0;62800;ASH_COATED_OSMIUM;9989;10;9986;24;;;10005;10;10007;24;;;9997.0;0.0
0;62900;ASH_COATED_OSMIUM;9986;30;;;;;10005;13;10007;30;;;9995.5;0.0
0;62900;INTARIAN_PEPPER_ROOT;9698;9;9695;18;;;9711;9;9714;18;;;9704.5;0.0
0;63000;ASH_COATED_OSMIUM;9986;24;;;;;10005;10;;;;;9995.5;0.0
0;63000;INTARIAN_PEPPER_ROOT;9698;12;;;;;9712;12;;;;;9705.0;0.0
0;63100;INTARIAN_PEPPER_ROOT;9698;12;9695;16;;;9711;12;9714;16;;;9704.5;0.0
0;63100;ASH_COATED_OSMIUM;9988;14;9986;23;;;10004;14;10007;23;;;9996.0;0.0
0;63200;INTARIAN_PEPPER_ROOT;9698;10;9695;19;;;9711;10;9714;19;;;9704.5;0.0
0;63200;ASH_COATED_OSMIUM;9988;10;9986;20;;;10007;20;;;;;9997.5;0.0
0;63300;ASH_COATED_OSMIUM;9988;14;;;;;10004;14;10007;24;;;9996.0;0.0
0;63300;INTARIAN_PEPPER_ROOT;9694;18;;;;;9710;11;;;;;9702.0;0.0
0;63400;ASH_COATED_OSMIUM;9986;24;;;;;10004;10;;;;;9995.0;0.0
0;63400;INTARIAN_PEPPER_ROOT;9696;10;9693;17;;;9709;10;;;;;9702.5;0.0
0;63500;INTARIAN_PEPPER_ROOT;9693;25;;;;;9709;10;9712;25;;;9701.0;0.0
0;63500;ASH_COATED_OSMIUM;9986;23;;;;;10004;10;10007;23;;;9995.0;0.0
0;63600;INTARIAN_PEPPER_ROOT;9695;8;9692;25;;;9711;25;;;;;9703.0;0.0
0;63600;ASH_COATED_OSMIUM;9988;11;9986;26;;;10004;11;10007;26;;;9996.0;0.0
0;63700;ASH_COATED_OSMIUM;9989;14;9986;26;;;10005;14;10007;26;;;9997.0;0.0
0;63700;INTARIAN_PEPPER_ROOT;9695;10;9692;25;;;9708;10;;;;;9701.5;0.0
0;63800;ASH_COATED_OSMIUM;9989;10;9986;20;;;10005;10;10007;20;;;9997.0;0.0
0;63800;INTARIAN_PEPPER_ROOT;9694;12;;;;;9707;12;;;;;9700.5;0.0
0;63900;INTARIAN_PEPPER_ROOT;9694;10;9691;25;;;9707;10;9710;25;;;9700.5;0.0
0;63900;ASH_COATED_OSMIUM;9988;12;9986;21;;;10004;12;10007;21;;;9996.0;0.0
0;64000;INTARIAN_PEPPER_ROOT;9693;9;9690;16;;;9707;9;9710;16;;;9700.0;0.0
0;64000;ASH_COATED_OSMIUM;9988;11;9986;25;;;10007;25;;;;;9997.5;0.0
0;64100;ASH_COATED_OSMIUM;9988;11;9985;26;;;10004;11;10006;26;;;9996.0;0.0
0;64100;INTARIAN_PEPPER_ROOT;;;;;;;9706;12;9709;23;;;9706.0;0.0
0;64200;ASH_COATED_OSMIUM;9988;11;;;;;10004;11;10007;30;;;9996.0;0.0
0;64200;INTARIAN_PEPPER_ROOT;9693;8;9690;16;;;9706;8;9709;16;;;9699.5;0.0
0;64300;INTARIAN_PEPPER_ROOT;9692;10;9689;17;;;9694;3;9708;17;;;9693.0;0.0
0;64300;ASH_COATED_OSMIUM;9988;11;9986;20;;;10004;11;10007;20;;;9996.0;0.0
0;64400;INTARIAN_PEPPER_ROOT;9692;11;9689;24;;;9708;24;;;;;9700.0;0.0
0;64400;ASH_COATED_OSMIUM;9988;14;;;;;;;;;;;9988.0;0.0
0;64500;INTARIAN_PEPPER_ROOT;9688;18;;;;;9704;8;9707;18;;;9696.0;0.0
0;64500;ASH_COATED_OSMIUM;;;;;;;10004;13;10007;28;;;10004.0;0.0
0;64600;INTARIAN_PEPPER_ROOT;9691;11;9688;19;;;9704;11;9707;19;;;9697.5;0.0
0;64600;ASH_COATED_OSMIUM;9988;10;9986;26;;;10007;26;;;;;9997.5;0.0
0;64700;ASH_COATED_OSMIUM;9988;10;9986;28;;;10004;10;10007;28;;;9996.0;0.0
0;64700;INTARIAN_PEPPER_ROOT;9687;24;;;;;9706;24;;;;;9696.5;0.0
0;64800;ASH_COATED_OSMIUM;9989;15;9986;25;;;10005;15;10007;25;;;9997.0;0.0
0;64800;INTARIAN_PEPPER_ROOT;;;;;;;9702;9;9705;25;;;9702.0;0.0
0;64900;ASH_COATED_OSMIUM;9988;13;9986;29;;;10004;13;10007;29;;;9996.0;0.0
0;64900;INTARIAN_PEPPER_ROOT;9689;12;9686;23;;;9702;12;9705;23;;;9695.5;0.0
0;65000;ASH_COATED_OSMIUM;9988;15;9986;25;;;10004;15;10007;25;;;9996.0;0.0
0;65000;INTARIAN_PEPPER_ROOT;9688;12;;;;;9705;17;;;;;9696.5;0.0
0;65100;ASH_COATED_OSMIUM;9987;13;9985;25;;;10003;13;10006;25;;;9995.0;0.0
0;65100;INTARIAN_PEPPER_ROOT;9689;9;9686;18;;;9702;9;;;;;9695.5;0.0
0;65200;ASH_COATED_OSMIUM;9987;12;9985;23;;;10003;12;10006;23;;;9995.0;0.0
0;65200;INTARIAN_PEPPER_ROOT;9688;9;9685;16;;;9701;9;9704;16;;;9694.5;0.0
0;65300;ASH_COATED_OSMIUM;9985;21;;;;;10004;11;;;;;9994.5;0.0
0;65300;INTARIAN_PEPPER_ROOT;9687;12;9684;21;;;9700;12;9703;21;;;9693.5;0.0
0;65400;INTARIAN_PEPPER_ROOT;9687;12;9684;25;;;9700;12;;;;;9693.5;0.0
0;65400;ASH_COATED_OSMIUM;9988;13;9986;23;;;10004;13;10007;23;;;9996.0;0.0
0;65500;INTARIAN_PEPPER_ROOT;9686;9;9683;15;;;9699;9;9702;15;;;9692.5;0.0
0;65500;ASH_COATED_OSMIUM;9989;11;;;;;9994;8;10005;11;10007;24;9991.5;0.0
0;65600;INTARIAN_PEPPER_ROOT;9686;11;;;;;9699;11;;;;;9692.5;0.0
0;65600;ASH_COATED_OSMIUM;9989;11;;;;;10005;11;10008;26;;;9997.0;0.0
0;65700;INTARIAN_PEPPER_ROOT;;;;;;;9698;12;;;;;9698.0;0.0
0;65700;ASH_COATED_OSMIUM;9988;14;9986;26;;;10004;14;;;;;9996.0;0.0
0;65800;INTARIAN_PEPPER_ROOT;9685;12;9682;17;;;9698;12;9701;17;;;9691.5;0.0
0;65800;ASH_COATED_OSMIUM;9989;11;;;;;10005;11;10007;24;;;9997.0;0.0
0;65900;ASH_COATED_OSMIUM;9989;10;9986;29;;;10005;10;10007;29;;;9997.0;0.0
0;65900;INTARIAN_PEPPER_ROOT;9684;12;9681;22;;;9697;12;9700;22;;;9690.5;0.0
0;66000;INTARIAN_PEPPER_ROOT;9683;12;;;;;9700;20;;;;;9691.5;0.0
0;66000;ASH_COATED_OSMIUM;9989;13;9987;23;;;10005;13;10008;23;;;9997.0;0.0
0;66100;ASH_COATED_OSMIUM;9989;12;;;;;10005;12;10007;29;;;9997.0;0.0
0;66100;INTARIAN_PEPPER_ROOT;9684;8;9681;25;;;9700;25;;;;;9692.0;0.0
0;66200;INTARIAN_PEPPER_ROOT;9683;8;;;;;9699;22;;;;;9691.0;0.0
0;66200;ASH_COATED_OSMIUM;9990;10;9987;26;;;10006;10;10008;26;;;9998.0;0.0
0;66300;ASH_COATED_OSMIUM;9989;11;9987;22;;;10005;11;10008;22;;;9997.0;0.0
0;66300;INTARIAN_PEPPER_ROOT;9683;11;;;;;9696;11;9699;25;;;9689.5;0.0
0;66400;INTARIAN_PEPPER_ROOT;9682;10;9679;25;;;9695;10;9698;25;;;9688.5;0.0
0;66400;ASH_COATED_OSMIUM;9989;14;9986;24;;;10005;14;10007;24;;;9997.0;0.0
0;66500;ASH_COATED_OSMIUM;9989;15;9986;30;;;10005;15;10007;30;;;9997.0;0.0
0;66500;INTARIAN_PEPPER_ROOT;9682;9;9679;19;;;9695;9;9698;19;;;9688.5;0.0
0;66600;INTARIAN_PEPPER_ROOT;9681;10;;;;;9694;10;9697;16;;;9687.5;0.0
0;66600;ASH_COATED_OSMIUM;9989;12;9986;20;;;10005;12;10007;20;;;9997.0;0.0
0;66700;ASH_COATED_OSMIUM;9986;20;;;;;10005;11;10007;20;;;9995.5;0.0
0;66700;INTARIAN_PEPPER_ROOT;9680;10;9677;21;;;9693;10;9696;21;;;9686.5;0.0
0;66800;INTARIAN_PEPPER_ROOT;9680;10;9677;20;;;9693;10;9696;20;;;9686.5;0.0
0;66800;ASH_COATED_OSMIUM;;;;;;;;;;;;;0.0;0.0
0;66900;ASH_COATED_OSMIUM;9989;11;;;;;10005;11;;;;;9997.0;0.0
0;66900;INTARIAN_PEPPER_ROOT;9679;12;9676;22;;;9692;12;9695;22;;;9685.5;0.0
0;67000;INTARIAN_PEPPER_ROOT;9676;23;;;;;9696;23;;;;;9686.0;0.0
0;67000;ASH_COATED_OSMIUM;9989;15;9986;22;;;10007;22;;;;;9998.0;0.0
0;67100;ASH_COATED_OSMIUM;9989;10;9986;23;;;10005;10;10007;23;;;9997.0;0.0
0;67100;INTARIAN_PEPPER_ROOT;9676;20;;;;;9692;11;9695;20;;;9684.0;0.0
0;67200;INTARIAN_PEPPER_ROOT;9679;9;;;;;9692;9;9695;23;;;9685.5;0.0
0;67200;ASH_COATED_OSMIUM;9989;12;9986;26;;;10005;12;10007;26;;;9997.0;0.0
0;67300;ASH_COATED_OSMIUM;9988;10;9986;26;;;10004;10;10007;26;;;9996.0;0.0
0;67300;INTARIAN_PEPPER_ROOT;9678;8;9675;15;;;9691;8;;;;;9684.5;0.0
0;67400;INTARIAN_PEPPER_ROOT;9677;9;9674;17;;;9693;17;;;;;9685.0;0.0
0;67400;ASH_COATED_OSMIUM;9987;21;;;;;10007;21;;;;;9997.0;0.0
0;67500;ASH_COATED_OSMIUM;9989;12;;;;;10008;27;;;;;9998.5;0.0
0;67500;INTARIAN_PEPPER_ROOT;9677;9;9674;19;;;9690;9;9693;19;;;9683.5;0.0
0;67600;INTARIAN_PEPPER_ROOT;9686;4;9676;9;;;9689;9;;;;;9687.5;0.0
0;67600;ASH_COATED_OSMIUM;9989;11;9986;25;;;10005;11;10007;25;;;9997.0;0.0
0;67700;ASH_COATED_OSMIUM;9988;11;;;;;10004;11;10007;25;;;9996.0;0.0
0;67700;INTARIAN_PEPPER_ROOT;9676;11;9673;17;;;9689;11;9692;17;;;9682.5;0.0
0;67800;INTARIAN_PEPPER_ROOT;9675;12;9672;21;;;9688;12;9691;21;;;9681.5;0.0
0;67800;ASH_COATED_OSMIUM;9989;10;9987;25;;;10005;10;10008;25;;;9997.0;0.0
0;67900;ASH_COATED_OSMIUM;9989;13;9986;21;;;10005;13;10007;21;;;9997.0;0.0
0;67900;INTARIAN_PEPPER_ROOT;9675;12;9672;20;;;9688;12;9691;20;;;9681.5;0.0
0;68000;INTARIAN_PEPPER_ROOT;9674;11;9671;16;;;;;;;;;9674.0;0.0
0;68000;ASH_COATED_OSMIUM;9989;12;;;;;10005;12;10007;29;;;9997.0;0.0
0;68100;ASH_COATED_OSMIUM;9989;15;9987;22;;;10005;15;10008;22;;;9997.0;0.0
0;68100;INTARIAN_PEPPER_ROOT;9674;9;9671;22;;;9690;22;;;;;9682.0;0.0
0;68200;INTARIAN_PEPPER_ROOT;9674;9;9671;18;;;9687;9;9690;18;;;9680.5;0.0
0;68200;ASH_COATED_OSMIUM;9989;11;9987;26;;;10005;11;;;;;9997.0;0.0
0;68300;ASH_COATED_OSMIUM;9986;20;;;;;10007;20;;;;;9996.5;0.0
0;68300;INTARIAN_PEPPER_ROOT;9670;16;;;;;9689;16;;;;;9679.5;0.0
0;68400;INTARIAN_PEPPER_ROOT;9673;10;9670;25;;;9686;10;9689;25;;;9679.5;0.0
0;68400;ASH_COATED_OSMIUM;9989;12;9987;27;;;10005;12;;;;;9997.0;0.0
0;68500;ASH_COATED_OSMIUM;9989;12;9987;27;;;10005;12;10008;27;;;9997.0;0.0
0;68500;INTARIAN_PEPPER_ROOT;9672;11;9669;17;;;9688;17;;;;;9680.0;0.0
0;68600;INTARIAN_PEPPER_ROOT;9672;9;;;;;9685;9;9688;22;;;9678.5;0.0
0;68600;ASH_COATED_OSMIUM;9989;11;9986;21;;;10005;11;10007;21;;;9997.0;0.0
0;68700;ASH_COATED_OSMIUM;9989;12;;;;;10005;12;10007;23;;;9997.0;0.0
0;68700;INTARIAN_PEPPER_ROOT;9671;8;9668;19;;;9687;19;;;;;9679.0;0.0
0;68800;INTARIAN_PEPPER_ROOT;9670;9;9667;20;;;9683;9;9686;20;;;9676.5;0.0
0;68800;ASH_COATED_OSMIUM;9988;12;9986;26;;;9998;3;10004;12;;;9993.0;0.0
0;68900;INTARIAN_PEPPER_ROOT;9667;20;;;;;9683;10;9686;20;;;9675.0;0.0
0;68900;ASH_COATED_OSMIUM;9988;11;9986;20;;;10004;11;10007;20;;;9996.0;0.0
0;69000;INTARIAN_PEPPER_ROOT;9669;8;9666;22;;;9683;8;;;;;9676.0;0.0
0;69000;ASH_COATED_OSMIUM;9989;14;9986;29;;;10005;14;;;;;9997.0;0.0
0;69100;INTARIAN_PEPPER_ROOT;9667;18;;;;;9683;8;9686;18;;;9675.0;0.0
0;69100;ASH_COATED_OSMIUM;9989;15;9986;22;;;10005;15;10007;22;;;9997.0;0.0
0;69200;ASH_COATED_OSMIUM;9989;13;9987;30;;;10005;13;10008;30;;;9997.0;0.0
0;69200;INTARIAN_PEPPER_ROOT;9669;11;;;;;9682;11;9685;15;;;9675.5;0.0
0;69300;ASH_COATED_OSMIUM;9987;28;;;;;10005;12;10008;28;;;9996.0;0.0
0;69300;INTARIAN_PEPPER_ROOT;9669;10;9666;22;;;9682;10;9685;22;;;9675.5;0.0
0;69400;ASH_COATED_OSMIUM;9989;12;9986;28;;;10007;28;;;;;9998.0;0.0
0;69400;INTARIAN_PEPPER_ROOT;9668;11;9665;19;;;9681;11;9684;19;;;9674.5;0.0
0;69500;ASH_COATED_OSMIUM;9989;14;9986;22;;;10005;14;10007;22;;;9997.0;0.0
0;69500;INTARIAN_PEPPER_ROOT;9664;21;;;;;9683;21;;;;;9673.5;0.0
0;69600;ASH_COATED_OSMIUM;9986;23;;;;;10007;23;;;;;9996.5;0.0
0;69600;INTARIAN_PEPPER_ROOT;9667;10;9664;16;;;9680;10;9683;16;;;9673.5;0.0
0;69700;ASH_COATED_OSMIUM;9989;15;9987;23;;;;;;;;;9989.0;0.0
0;69700;INTARIAN_PEPPER_ROOT;9666;8;;;;;9679;8;9682;18;;;9672.5;0.0
0;69800;ASH_COATED_OSMIUM;9989;11;9987;22;;;10008;22;;;;;9998.5;0.0
0;69800;INTARIAN_PEPPER_ROOT;9666;12;9663;21;;;9679;12;;;;;9672.5;0.0
0;69900;INTARIAN_PEPPER_ROOT;9665;11;;;;;9681;20;;;;;9673.0;0.0
0;69900;ASH_COATED_OSMIUM;9989;14;9987;30;;;10005;14;10008;30;;;9997.0;0.0
0;70000;INTARIAN_PEPPER_ROOT;9665;8;9662;16;;;9668;6;9679;8;9682;16;9666.5;0.0
0;70000;ASH_COATED_OSMIUM;9987;28;;;;;10008;28;;;;;9997.5;0.0
0;70100;INTARIAN_PEPPER_ROOT;9665;8;9662;17;;;9678;8;9681;17;;;9671.5;0.0
0;70100;ASH_COATED_OSMIUM;9989;11;;;;;10005;11;10007;26;;;9997.0;0.0
0;70200;INTARIAN_PEPPER_ROOT;9661;16;;;;;9677;12;;;;;9669.0;0.0
0;70200;ASH_COATED_OSMIUM;9987;29;;;;;10008;29;;;;;9997.5;0.0
0;70300;ASH_COATED_OSMIUM;9989;11;9987;30;;;10008;30;;;;;9998.5;0.0
0;70300;INTARIAN_PEPPER_ROOT;;;;;;;9677;9;;;;;9677.0;0.0
0;70400;ASH_COATED_OSMIUM;9989;13;9987;27;;;10005;13;10008;27;;;9997.0;0.0
0;70400;INTARIAN_PEPPER_ROOT;9673;5;9663;9;9660;16;9676;9;9679;16;;;9674.5;0.0
0;70500;INTARIAN_PEPPER_ROOT;9663;9;9660;17;;;9679;17;;;;;9671.0;0.0
