day;timestamp;product;bid_price_1;bid_volume_1;bid_price_2;bid_volume_2;bid_price_3;bid_volume_3;ask_price_1;ask_volume_1;ask_price_2;ask_volume_2;ask_price_3;ask_volume_3;mid_price;profit_and_loss
-1;0;INTARIAN_PEPPER_ROOT;10994;9;;;;;11009;25;;;;;11001.5;0.0
-1;0;ASH_COATED_OSMIUM;9982;21;;;;;10000;13;10003;21;;;9991.0;0.0
-1;100;ASH_COATED_OSMIUM;9984;15;;;;;10000;15;10003;26;;;9992.0;0.0
-1;100;INTARIAN_PEPPER_ROOT;10994;8;10991;22;;;11006;8;11009;22;;;11000.0;0.0
-1;200;ASH_COATED_OSMIUM;9985;15;9982;30;;;10001;15;;;;;9993.0;0.0
-1;200;INTARIAN_PEPPER_ROOT;;;;;;;11007;9;11010;22;;;11007.0;0.0
-1;300;INTARIAN_PEPPER_ROOT;10995;8;;;;;11010;23;;;;;11002.5;0.0
-1;300;ASH_COATED_OSMIUM;9982;27;;;;;10003;27;;;;;9992.5;0.0
-1;400;INTARIAN_PEPPER_ROOT;10996;10;10994;15;;;11008;10;11011;15;;;11002.0;0.0
-1;400;ASH_COATED_OSMIUM;9995;8;9985;12;9983;25;10001;12;10004;25;;;9998.0;0.0
-1;500;ASH_COATED_OSMIUM;9985;11;9983;22;;;10001;11;10004;22;;;9993.0;0.0
-1;500;INTARIAN_PEPPER_ROOT;;;;;;;11011;19;;;;;11011.0;0.0
-1;600;ASH_COATED_OSMIUM;9986;13;;;;;10002;13;10004;25;;;9994.0;0.0
-1;600;INTARIAN_PEPPER_ROOT;10998;11;10995;23;;;11010;11;;;;;11004.0;0.0
-1;700;INTARIAN_PEPPER_ROOT;10998;9;;;;;11010;9;11012;24;;;11004.0;0.0
-1;700;ASH_COATED_OSMIUM;9985;11;9983;23;;;10001;11;10004;23;;;9993.0;0.0
-1;800;INTARIAN_PEPPER_ROOT;10999;8;;;;;11011;8;11014;20;;;11005.0;0.0
-1;800;ASH_COATED_OSMIUM;9985;12;9983;27;;;10004;27;;;;;9994.5;0.0
-1;900;ASH_COATED_OSMIUM;9985;12;9982;21;;;10001;12;;;;;9993.0;0.0
-1;900;INTARIAN_PEPPER_ROOT;10996;25;;;;;11011;8;11014;25;;;11003.5;0.0
-1;1000;ASH_COATED_OSMIUM;9985;14;9983;28;;;10001;14;10004;28;;;9993.0;0.0
-1;1000;INTARIAN_PEPPER_ROOT;10997;21;;;;;11012;10;11015;21;;;11004.5;0.0
-1;1100;INTARIAN_PEPPER_ROOT;11000;11;;;;;11012;11;;;;;11006.0;0.0
-1;1100;ASH_COATED_OSMIUM;9985;13;9983;28;;;10004;28;;;;;9994.5;0.0
-1;1200;INTARIAN_PEPPER_ROOT;10998;22;;;;;11016;22;;;;;11007.0;0.0
-1;1200;ASH_COATED_OSMIUM;9983;28;;;;;10001;12;10004;28;;;9992.0;0.0
-1;1300;ASH_COATED_OSMIUM;9985;13;9983;23;;;10004;23;;;;;9994.5;0.0
-1;1300;INTARIAN_PEPPER_ROOT;11001;12;;;;;11013;12;11016;16;;;11007.0;0.0
-1;1400;ASH_COATED_OSMIUM;9985;10;9983;24;;;10001;10;10004;24;;;9993.0;0.0
-1;1400;INTARIAN_PEPPER_ROOT;11002;10;11000;17;;;11014;10;;;;;11008.0;0.0
-1;1500;INTARIAN_PEPPER_ROOT;11002;11;11000;16;;;11014;11;11017;16;;;11008.0;0.0
-1;1500;ASH_COATED_OSMIUM;9985;12;9983;29;;;9991;4;10001;12;10004;29;9988.0;0.0
-1;1600;INTARIAN_PEPPER_ROOT;11004;8;11001;23;;;11016;8;11018;23;;;11010.0;0.0
-1;1600;ASH_COATED_OSMIUM;9985;14;9983;23;;;10004;23;;;;;9994.5;0.0
-1;1700;ASH_COATED_OSMIUM;9983;24;;;;;10001;13;;;;;9992.0;0.0
-1;1700;INTARIAN_PEPPER_ROOT;11001;15;;;;;11018;15;;;;;11009.5;0.0
-1;1800;ASH_COATED_OSMIUM;9986;13;9983;28;;;9995;4;10004;28;;;9990.5;0.0
-1;1800;INTARIAN_PEPPER_ROOT;11004;9;11001;16;;;11016;9;11019;16;;;11010.0;0.0
-1;1900;INTARIAN_PEPPER_ROOT;11005;10;;;;;11017;10;11020;25;;;11011.0;0.0
-1;1900;ASH_COATED_OSMIUM;;;;;;;10001;15;10004;24;;;10001.0;0.0
-1;2000;INTARIAN_PEPPER_ROOT;11005;12;11002;22;;;11017;12;11020;22;;;11011.0;0.0
-1;2000;ASH_COATED_OSMIUM;9985;13;;;;;10001;13;10004;22;;;9993.0;0.0
-1;2100;ASH_COATED_OSMIUM;9985;12;9983;25;;;10001;12;10004;25;;;9993.0;0.0
-1;2100;INTARIAN_PEPPER_ROOT;11006;8;11003;15;;;11018;8;;;;;11012.0;0.0
-1;2200;INTARIAN_PEPPER_ROOT;11006;12;11003;23;;;11018;12;;;;;11012.0;0.0
-1;2200;ASH_COATED_OSMIUM;9985;10;;;;;10001;10;10004;29;;;9993.0;0.0
-1;2300;INTARIAN_PEPPER_ROOT;11007;9;11005;25;;;11019;9;;;;;11013.0;0.0
-1;2300;ASH_COATED_OSMIUM;9985;14;9982;20;;;10001;14;10003;20;;;9993.0;0.0
-1;2400;INTARIAN_PEPPER_ROOT;11007;8;;;;;11019;8;11022;22;;;11013.0;0.0
-1;2400;ASH_COATED_OSMIUM;9984;10;9982;25;;;10003;25;;;;;9993.5;0.0
-1;2500;INTARIAN_PEPPER_ROOT;11008;10;;;;;11021;10;11023;15;;;11014.5;0.0
-1;2500;ASH_COATED_OSMIUM;9982;27;;;;;10000;14;10003;27;;;9991.0;0.0
-1;2600;INTARIAN_PEPPER_ROOT;11009;8;11006;25;;;11021;8;;;;;11015.0;0.0
-1;2600;ASH_COATED_OSMIUM;9984;13;;;;;10000;13;10003;20;;;9992.0;0.0
-1;2700;INTARIAN_PEPPER_ROOT;11010;11;11007;19;;;11012;8;11024;19;;;11011.0;0.0
-1;2700;ASH_COATED_OSMIUM;;;;;;;10003;29;;;;;10003.0;0.0
-1;2800;INTARIAN_PEPPER_ROOT;11010;12;;;;;11022;12;11025;25;;;11016.0;0.0
-1;2800;ASH_COATED_OSMIUM;9985;11;9983;22;;;10001;11;10004;22;;;9993.0;0.0
-1;2900;INTARIAN_PEPPER_ROOT;11020;8;11008;25;;;11023;12;11026;25;;;11021.5;0.0
-1;2900;ASH_COATED_OSMIUM;9983;21;;;;;10001;15;10004;21;;;9992.0;0.0
-1;3000;INTARIAN_PEPPER_ROOT;11008;21;;;;;11023;9;;;;;11015.5;0.0
-1;3000;ASH_COATED_OSMIUM;9986;13;9983;27;;;10002;13;10004;27;;;9994.0;0.0
-1;3100;INTARIAN_PEPPER_ROOT;11012;11;11009;21;;;11024;11;;;;;11018.0;0.0
-1;3100;ASH_COATED_OSMIUM;9986;10;;;;;10004;25;;;;;9995.0;0.0
-1;3200;INTARIAN_PEPPER_ROOT;11012;9;11009;25;;;11024;9;11027;25;;;11018.0;0.0
-1;3200;ASH_COATED_OSMIUM;9985;12;9983;28;;;10001;12;;;;;9993.0;0.0
-1;3300;INTARIAN_PEPPER_ROOT;11013;10;;;;;11025;10;11028;17;;;11019.0;0.0
-1;3300;ASH_COATED_OSMIUM;9985;12;9983;26;;;;;;;;;9985.0;0.0
-1;3400;INTARIAN_PEPPER_ROOT;11013;12;11011;24;;;11025;12;11028;24;;;11019.0;0.0
-1;3400;ASH_COATED_OSMIUM;9985;11;9983;25;;;10001;11;10004;25;;;9993.0;0.0
-1;3500;INTARIAN_PEPPER_ROOT;11013;11;;;;;11026;11;11028;25;;;11019.5;0.0
-1;3500;ASH_COATED_OSMIUM;9985;10;;;;;10001;10;;;;;9993.0;0.0
-1;3600;INTARIAN_PEPPER_ROOT;11015;10;;;;;;;;;;;11015.0;0.0
-1;3600;ASH_COATED_OSMIUM;9985;10;9983;30;;;10001;10;10004;30;;;9993.0;0.0
-1;3700;ASH_COATED_OSMIUM;9985;15;9983;24;;;10001;15;10004;24;;;9993.0;0.0
-1;3700;INTARIAN_PEPPER_ROOT;11015;8;11012;25;;;11027;8;11029;25;;;11021.0;0.0
-1;3800;INTARIAN_PEPPER_ROOT;11016;10;;;;;11028;10;11031;19;;;11022.0;0.0
-1;3800;ASH_COATED_OSMIUM;9991;5;9985;13;9983;29;10004;29;;;;;9997.5;0.0
-1;3900;ASH_COATED_OSMIUM;9985;13;9983;26;;;10001;13;10004;26;;;9993.0;0.0
-1;3900;INTARIAN_PEPPER_ROOT;11016;9;11013;25;;;11028;9;11031;25;;;11022.0;0.0
-1;4000;INTARIAN_PEPPER_ROOT;11017;12;11014;23;;;11029;12;;;;;11023.0;0.0
-1;4000;ASH_COATED_OSMIUM;9986;15;9983;30;;;10004;30;;;;;9995.0;0.0
-1;4100;ASH_COATED_OSMIUM;9991;3;9983;25;;;10001;14;10004;25;;;9996.0;0.0
-1;4100;INTARIAN_PEPPER_ROOT;11017;8;11014;25;;;11029;8;;;;;11023.0;0.0
-1;4200;INTARIAN_PEPPER_ROOT;11018;10;11015;19;;;11033;19;;;;;11025.5;0.0
-1;4200;ASH_COATED_OSMIUM;9986;10;;;;;10002;10;10004;26;;;9994.0;0.0
-1;4300;ASH_COATED_OSMIUM;9986;12;;;;;10002;12;10004;24;;;9994.0;0.0
-1;4300;INTARIAN_PEPPER_ROOT;11018;11;11016;25;;;11030;11;11033;25;;;11024.0;0.0
-1;4400;INTARIAN_PEPPER_ROOT;11019;10;11017;22;;;11031;10;11034;22;;;11025.0;0.0
-1;4400;ASH_COATED_OSMIUM;9986;10;9983;22;;;10002;10;10004;22;;;9994.0;0.0
-1;4500;ASH_COATED_OSMIUM;;;;;;;10005;26;;;;;10005.0;0.0
-1;4500;INTARIAN_PEPPER_ROOT;11019;11;11017;15;;;11034;15;;;;;11026.5;0.0
-1;4600;INTARIAN_PEPPER_ROOT;11018;22;;;;;11033;9;11035;22;;;11025.5;0.0
-1;4600;ASH_COATED_OSMIUM;9986;15;;;;;10002;15;10004;21;;;9994.0;0.0
-1;4700;ASH_COATED_OSMIUM;9985;14;9983;27;;;10001;14;10004;27;;;9993.0;0.0
-1;4700;INTARIAN_PEPPER_ROOT;11021;12;11018;15;;;11033;12;11035;15;;;11027.0;0.0
-1;4800;INTARIAN_PEPPER_ROOT;11022;11;11019;21;;;11030;7;;;;;11026.0;0.0
-1;4800;ASH_COATED_OSMIUM;9985;10;9983;28;;;10001;10;;;;;9993.0;0.0
-1;4900;ASH_COATED_OSMIUM;9983;27;;;;;10002;15;;;;;9992.5;0.0
-1;4900;INTARIAN_PEPPER_ROOT;11022;12;11019;16;;;11034;12;11037;16;;;11028.0;0.0
-1;5000;INTARIAN_PEPPER_ROOT;11019;23;;;;;11034;10;11037;23;;;11026.5;0.0
-1;5000;ASH_COATED_OSMIUM;9986;12;;;;;10002;12;10004;29;;;9994.0;0.0
-1;5100;ASH_COATED_OSMIUM;9986;11;9983;24;;;10002;11;10004;24;;;9994.0;0.0
-1;5100;INTARIAN_PEPPER_ROOT;11023;11;11020;25;;;11035;11;11038;25;;;11029.0;0.0
-1;5200;INTARIAN_PEPPER_ROOT;;;;;;;11038;19;;;;;11038.0;0.0
-1;5200;ASH_COATED_OSMIUM;9986;15;;;;;10002;15;;;;;9994.0;0.0
-1;5300;ASH_COATED_OSMIUM;9986;15;9984;21;;;10002;15;10005;21;;;9994.0;0.0
-1;5300;INTARIAN_PEPPER_ROOT;11024;8;;;;;11036;8;11039;21;;;11030.0;0.0
-1;5400;INTARIAN_PEPPER_ROOT;11024;8;11022;16;;;11036;8;11039;16;;;11030.0;0.0
-1;5400;ASH_COATED_OSMIUM;9987;14;9984;20;;;10005;20;;;;;9996.0;0.0
-1;5500;ASH_COATED_OSMIUM;9987;13;9984;28;;;10003;13;10005;28;;;9995.0;0.0
-1;5500;INTARIAN_PEPPER_ROOT;11023;24;;;;;11038;10;11040;24;;;11030.5;0.0
-1;5600;INTARIAN_PEPPER_ROOT;11026;11;;;;;11038;11;;;;;11032.0;0.0
-1;5600;ASH_COATED_OSMIUM;9987;14;9984;21;;;10003;14;10005;21;;;9995.0;0.0
-1;5700;ASH_COATED_OSMIUM;9987;12;9984;29;;;10003;12;10005;29;;;9995.0;0.0
-1;5700;INTARIAN_PEPPER_ROOT;11027;8;11024;19;;;11029;5;11039;8;;;11028.0;0.0
-1;5800;INTARIAN_PEPPER_ROOT;11027;11;11024;22;;;;;;;;;11027.0;0.0
-1;5800;ASH_COATED_OSMIUM;9984;28;;;;;10002;10;;;;;9993.0;0.0
-1;5900;ASH_COATED_OSMIUM;9986;15;9984;29;;;10002;15;10005;29;;;9994.0;0.0
-1;5900;INTARIAN_PEPPER_ROOT;11028;10;;;;;11043;23;;;;;11035.5;0.0
-1;6000;INTARIAN_PEPPER_ROOT;11028;11;11025;19;;;11040;11;11043;19;;;11034.0;0.0
-1;6000;ASH_COATED_OSMIUM;9986;15;9984;30;;;10005;30;;;;;9995.5;0.0
-1;6100;ASH_COATED_OSMIUM;9986;11;9984;28;;;;;;;;;9986.0;0.0
-1;6100;INTARIAN_PEPPER_ROOT;11029;9;11026;22;;;11041;9;11044;22;;;11035.0;0.0
-1;6200;INTARIAN_PEPPER_ROOT;11026;15;;;;;11041;10;;;;;11033.5;0.0
-1;6200;ASH_COATED_OSMIUM;9986;11;;;;;10002;11;10005;20;;;9994.0;0.0
-1;6300;ASH_COATED_OSMIUM;9986;12;9984;22;;;10002;12;10005;22;;;9994.0;0.0
-1;6300;INTARIAN_PEPPER_ROOT;11030;11;;;;;11042;11;11045;24;;;11036.0;0.0
-1;6400;INTARIAN_PEPPER_ROOT;11030;9;;;;;11042;9;11045;22;;;11036.0;0.0
-1;6400;ASH_COATED_OSMIUM;9986;14;9984;23;;;10002;14;10005;23;;;9994.0;0.0
-1;6500;ASH_COATED_OSMIUM;9986;13;9984;24;;;10002;13;;;;;9994.0;0.0
-1;6500;INTARIAN_PEPPER_ROOT;11031;10;;;;;11044;10;11046;22;;;11037.5;0.0
-1;6600;INTARIAN_PEPPER_ROOT;11029;23;;;;;11044;12;11046;23;;;11036.5;0.0
-1;6600;ASH_COATED_OSMIUM;9987;15;9985;25;;;10003;15;10006;25;;;9995.0;0.0
-1;6700;INTARIAN_PEPPER_ROOT;11032;8;11029;22;;;11044;8;11046;22;;;11038.0;0.0
-1;6700;ASH_COATED_OSMIUM;9987;13;9985;29;;;10003;13;10006;29;;;9995.0;0.0
-1;6800;INTARIAN_PEPPER_ROOT;11030;16;;;;;11045;12;11048;16;;;11037.5;0.0
-1;6800;ASH_COATED_OSMIUM;9987;10;9984;30;;;10003;10;10005;30;;;9995.0;0.0
-1;6900;INTARIAN_PEPPER_ROOT;11033;9;11030;19;;;;;;;;;11033.0;0.0
-1;6900;ASH_COATED_OSMIUM;9992;5;9987;12;;;10003;12;10005;22;;;9997.5;0.0
-1;7000;INTARIAN_PEPPER_ROOT;11034;9;11031;24;;;11046;9;11049;24;;;11040.0;0.0
-1;7000;ASH_COATED_OSMIUM;9987;11;9984;22;;;10005;22;;;;;9996.0;0.0
-1;7100;INTARIAN_PEPPER_ROOT;11034;12;11031;15;;;11046;12;11049;15;;;11040.0;0.0
-1;7100;ASH_COATED_OSMIUM;9987;15;9984;25;;;10003;15;10005;25;;;9995.0;0.0
-1;7200;INTARIAN_PEPPER_ROOT;11035;9;;;;;11047;9;11050;23;;;11041.0;0.0
-1;7200;ASH_COATED_OSMIUM;9992;2;9987;11;9984;20;;;;;;;9992.0;0.0
-1;7300;INTARIAN_PEPPER_ROOT;11035;9;;;;;;;;;;;11035.0;0.0
-1;7300;ASH_COATED_OSMIUM;9987;11;;;;;;;;;;;9987.0;0.0
-1;7400;INTARIAN_PEPPER_ROOT;11036;10;11034;23;;;;;;;;;11036.0;0.0
-1;7400;ASH_COATED_OSMIUM;9988;15;9985;26;;;10004;15;10006;26;;;9996.0;0.0
-1;7500;INTARIAN_PEPPER_ROOT;11034;20;;;;;11049;9;11051;20;;;11041.5;0.0
-1;7500;ASH_COATED_OSMIUM;9987;14;;;;;;;;;;;9987.0;0.0
-1;7600;INTARIAN_PEPPER_ROOT;;;;;;;11050;9;;;;;11050.0;0.0
-1;7600;ASH_COATED_OSMIUM;9987;14;9985;30;;;9993;5;10003;14;;;9990.0;0.0
-1;7700;INTARIAN_PEPPER_ROOT;11035;20;;;;;11050;8;11052;20;;;11042.5;0.0
-1;7700;ASH_COATED_OSMIUM;9987;10;9984;25;;;10003;10;10005;25;;;9995.0;0.0
-1;7800;INTARIAN_PEPPER_ROOT;11036;17;;;;;11051;12;;;;;11043.5;0.0
-1;7800;ASH_COATED_OSMIUM;9987;11;9985;22;;;10003;11;10006;22;;;9995.0;0.0
-1;7900;INTARIAN_PEPPER_ROOT;11039;12;11036;23;;;11051;12;11054;23;;;11045.0;0.0
-1;7900;ASH_COATED_OSMIUM;9987;13;9984;23;;;10005;23;;;;;9996.0;0.0
-1;8000;INTARIAN_PEPPER_ROOT;11040;8;11037;24;;;11055;24;;;;;11047.5;0.0
-1;8000;ASH_COATED_OSMIUM;9986;15;9984;22;;;10002;15;10005;22;;;9994.0;0.0
-1;8100;INTARIAN_PEPPER_ROOT;11040;9;11037;18;;;11052;9;11055;18;;;11046.0;0.0
-1;8100;ASH_COATED_OSMIUM;9986;10;9984;30;;;10002;10;;;;;9994.0;0.0
-1;8200;INTARIAN_PEPPER_ROOT;11037;19;;;;;11055;19;;;;;11046.0;0.0
-1;8200;ASH_COATED_OSMIUM;9986;12;9984;24;;;10002;12;;;;;9994.0;0.0
-1;8300;ASH_COATED_OSMIUM;9984;23;;;;;10003;15;10005;23;;;9993.5;0.0
-1;8300;INTARIAN_PEPPER_ROOT;11041;8;;;;;11053;8;11056;24;;;11047.0;0.0
-1;8400;ASH_COATED_OSMIUM;9987;13;9984;23;;;;;;;;;9987.0;0.0
-1;8400;INTARIAN_PEPPER_ROOT;11039;24;;;;;11056;24;;;;;11047.5;0.0
-1;8500;INTARIAN_PEPPER_ROOT;11042;10;11040;19;;;11055;10;11057;19;;;11048.5;0.0
-1;8500;ASH_COATED_OSMIUM;9987;14;;;;;10003;14;10006;21;;;9995.0;0.0
-1;8600;INTARIAN_PEPPER_ROOT;11043;10;;;;;11055;10;11057;22;;;11049.0;0.0
-1;8600;ASH_COATED_OSMIUM;9987;13;9985;24;;;10003;13;10005;24;;;9995.0;0.0
-1;8700;ASH_COATED_OSMIUM;9987;11;;;;;10003;11;;;;;9995.0;0.0
-1;8700;INTARIAN_PEPPER_ROOT;11044;9;11041;17;;;11056;9;11058;17;;;11050.0;0.0
-1;8800;ASH_COATED_OSMIUM;9988;15;9985;22;;;10004;15;10006;22;;;9996.0;0.0
-1;8800;INTARIAN_PEPPER_ROOT;11041;23;;;;;11056;10;;;;;11048.5;0.0
-1;8900;INTARIAN_PEPPER_ROOT;11045;8;;;;;11057;8;11060;24;;;11051.0;0.0
-1;8900;ASH_COATED_OSMIUM;9987;11;;;;;9997;5;10003;11;10006;27;9992.0;0.0
-1;9000;INTARIAN_PEPPER_ROOT;11042;22;;;;;11060;22;;;;;11051.0;0.0
-1;9000;ASH_COATED_OSMIUM;9985;20;;;;;10004;14;10006;20;;;9994.5;0.0
-1;9100;ASH_COATED_OSMIUM;9994;4;9988;12;9986;25;10004;12;10007;25;;;9999.0;0.0
-1;9100;INTARIAN_PEPPER_ROOT;11043;20;;;;;11061;20;;;;;11052.0;0.0
-1;9200;ASH_COATED_OSMIUM;9986;21;;;;;10004;12;10007;21;;;9995.0;0.0
-1;9200;INTARIAN_PEPPER_ROOT;11046;12;11043;15;;;11058;12;11061;15;;;11052.0;0.0
-1;9300;INTARIAN_PEPPER_ROOT;11045;23;;;;;11059;11;11062;23;;;11052.0;0.0
-1;9300;ASH_COATED_OSMIUM;9988;12;9985;23;;;10004;12;10006;23;;;9996.0;0.0
-1;9400;INTARIAN_PEPPER_ROOT;11045;24;;;;;11059;11;11062;24;;;11052.0;0.0
-1;9400;ASH_COATED_OSMIUM;9988;10;9986;30;;;9994;10;10004;10;10007;30;9991.0;0.0
-1;9500;ASH_COATED_OSMIUM;9988;14;9986;27;;;10004;14;10007;27;;;9996.0;0.0
-1;9500;INTARIAN_PEPPER_ROOT;11048;11;11046;20;;;11063;20;;;;;11055.5;0.0
-1;9600;ASH_COATED_OSMIUM;9989;10;9986;30;;;10005;10;10007;30;;;9997.0;0.0
-1;9600;INTARIAN_PEPPER_ROOT;;;;;;;11061;12;11063;20;;;11061.0;0.0
-1;9700;INTARIAN_PEPPER_ROOT;11049;10;11046;23;;;;;;;;;11049.0;0.0
-1;9700;ASH_COATED_OSMIUM;9989;15;9986;26;;;10007;26;;;;;9998.0;0.0
-1;9800;INTARIAN_PEPPER_ROOT;11050;11;11047;16;;;11062;11;11065;16;;;11056.0;0.0
-1;9800;ASH_COATED_OSMIUM;9988;13;9986;29;;;10004;13;10007;29;;;9996.0;0.0
-1;9900;ASH_COATED_OSMIUM;9989;11;9986;29;;;10005;11;10007;29;;;9997.0;0.0
-1;9900;INTARIAN_PEPPER_ROOT;11050;12;11047;17;;;11062;12;;;;;11056.0;0.0
-1;10000;ASH_COATED_OSMIUM;9988;13;9986;23;;;10007;23;;;;;9997.5;0.0
-1;10000;INTARIAN_PEPPER_ROOT;11048;18;;;;;11063;12;11066;18;;;11055.5;0.0
-1;10100;INTARIAN_PEPPER_ROOT;11051;12;11048;15;;;11063;12;11066;15;;;11057.0;0.0
-1;10100;ASH_COATED_OSMIUM;9988;10;9986;22;;;;;;;;;9988.0;0.0
-1;10200;INTARIAN_PEPPER_ROOT;11049;20;;;;;11067;20;;;;;11058.0;0.0
-1;10200;ASH_COATED_OSMIUM;9986;23;;;;;10004;11;10007;23;;;9995.0;0.0
-1;10300;ASH_COATED_OSMIUM;9986;21;;;;;10004;12;10007;21;;;9995.0;0.0
-1;10300;INTARIAN_PEPPER_ROOT;11052;9;11050;15;;;11067;15;;;;;11059.5;0.0
-1;10400;ASH_COATED_OSMIUM;9986;21;;;;;10005;12;10007;21;;;9995.5;0.0
-1;10400;INTARIAN_PEPPER_ROOT;11053;8;11051;23;;;11065;8;11068;23;;;11059.0;0.0
-1;10500;INTARIAN_PEPPER_ROOT;11051;19;;;;;11066;9;11068;19;;;11058.5;0.0
-1;10500;ASH_COATED_OSMIUM;;;;;;;10004;11;10007;29;;;10004.0;0.0
-1;10600;INTARIAN_PEPPER_ROOT;11052;16;;;;;11067;12;11069;16;;;11059.5;0.0
-1;10600;ASH_COATED_OSMIUM;9989;11;9987;26;;;10005;11;;;;;9997.0;0.0
-1;10700;ASH_COATED_OSMIUM;9998;5;9986;21;;;;;;;;;9998.0;0.0
-1;10700;INTARIAN_PEPPER_ROOT;11064;4;11055;12;11052;22;11067;12;11069;22;;;11065.5;0.0
-1;10800;ASH_COATED_OSMIUM;9988;12;9986;23;;;10004;12;10007;23;;;9996.0;0.0
-1;10800;INTARIAN_PEPPER_ROOT;11053;20;;;;;11068;9;11071;20;;;11060.5;0.0
-1;10900;INTARIAN_PEPPER_ROOT;11056;9;11053;18;;;11068;9;11071;18;;;11062.0;0.0
-1;10900;ASH_COATED_OSMIUM;9988;13;;;;;10004;13;10007;30;;;9996.0;0.0
-1;11000;INTARIAN_PEPPER_ROOT;11057;9;11054;16;;;11072;16;;;;;11064.5;0.0
-1;11000;ASH_COATED_OSMIUM;9988;11;9986;24;;;9998;5;10004;11;10007;24;9993.0;0.0
-1;11100;INTARIAN_PEPPER_ROOT;11054;22;;;;;11069;9;;;;;11061.5;0.0
-1;11100;ASH_COATED_OSMIUM;;;;;;;10004;14;10007;25;;;10004.0;0.0
-1;11200;INTARIAN_PEPPER_ROOT;11054;24;;;;;11069;8;;;;;11061.5;0.0
-1;11200;ASH_COATED_OSMIUM;9989;10;9986;26;;;;;;;;;9989.0;0.0
-1;11300;INTARIAN_PEPPER_ROOT;11058;10;11056;18;;;11070;10;11073;18;;;11064.0;0.0
-1;11300;ASH_COATED_OSMIUM;9989;12;9986;29;;;10005;12;10007;29;;;9997.0;0.0
-1;11400;INTARIAN_PEPPER_ROOT;11058;11;11056;18;;;11070;11;;;;;11064.0;0.0
-1;11400;ASH_COATED_OSMIUM;9989;15;9986;22;;;10005;15;10007;22;;;9997.0;0.0
-1;11500;INTARIAN_PEPPER_ROOT;11057;25;;;;;11074;25;;;;;11065.5;0.0
-1;11500;ASH_COATED_OSMIUM;9989;15;9986;27;;;10007;27;;;;;9998.0;0.0
-1;11600;INTARIAN_PEPPER_ROOT;11060;12;11057;23;;;11072;12;11074;23;;;11066.0;0.0
-1;11600;ASH_COATED_OSMIUM;9987;30;;;;;10008;30;;;;;9997.5;0.0
-1;11700;INTARIAN_PEPPER_ROOT;11061;10;11058;17;;;11073;10;11075;17;;;11067.0;0.0
-1;11700;ASH_COATED_OSMIUM;9989;15;9987;22;;;10005;15;;;;;9997.0;0.0
-1;11800;INTARIAN_PEPPER_ROOT;11061;8;11058;17;;;11073;8;11076;17;;;11067.0;0.0
-1;11800;ASH_COATED_OSMIUM;9989;14;;;;;10005;14;10008;25;;;9997.0;0.0
-1;11900;INTARIAN_PEPPER_ROOT;11062;10;11059;20;;;11074;10;11077;20;;;11068.0;0.0
-1;11900;ASH_COATED_OSMIUM;9989;11;9986;20;;;10005;11;10007;20;;;9997.0;0.0
-1;12000;INTARIAN_PEPPER_ROOT;11062;10;11059;25;;;11074;10;11077;25;;;11068.0;0.0
-1;12000;ASH_COATED_OSMIUM;9989;10;9987;22;;;10005;10;10008;22;;;9997.0;0.0
-1;12100;INTARIAN_PEPPER_ROOT;11063;12;11060;24;;;11075;12;11078;24;;;11069.0;0.0
-1;12100;ASH_COATED_OSMIUM;9989;14;9987;24;;;10008;24;;;;;9998.5;0.0
-1;12200;INTARIAN_PEPPER_ROOT;11063;10;11060;22;;;11075;10;;;;;11069.0;0.0
-1;12200;ASH_COATED_OSMIUM;9989;13;;;;;10005;13;10007;24;;;9997.0;0.0
-1;12300;INTARIAN_PEPPER_ROOT;11064;11;11062;23;;;11076;11;11079;23;;;11070.0;0.0
-1;12300;ASH_COATED_OSMIUM;9989;11;9986;20;;;;;;;;;9989.0;0.0
-1;12400;INTARIAN_PEPPER_ROOT;11064;12;11062;25;;;;;;;;;11064.0;0.0
-1;12400;ASH_COATED_OSMIUM;9989;14;9987;28;;;10005;14;10008;28;;;9997.0;0.0
-1;12500;INTARIAN_PEPPER_ROOT;11065;8;11063;16;;;11078;8;11080;16;;;11071.5;0.0
-1;12500;ASH_COATED_OSMIUM;9989;15;9986;22;;;10005;15;10007;22;;;9997.0;0.0
-1;12600;INTARIAN_PEPPER_ROOT;11066;10;11063;18;;;11068;3;11078;10;11080;18;11067.0;0.0
-1;12600;ASH_COATED_OSMIUM;9989;11;9987;28;;;10005;11;10008;28;;;9997.0;0.0
-1;12700;ASH_COATED_OSMIUM;9986;23;;;;;10005;15;;;;;9995.5;0.0
-1;12700;INTARIAN_PEPPER_ROOT;11063;20;;;;;11078;11;11080;20;;;11070.5;0.0
-1;12800;INTARIAN_PEPPER_ROOT;11067;11;11064;19;;;11079;11;11082;19;;;11073.0;0.0
-1;12800;ASH_COATED_OSMIUM;9987;23;;;;;10005;15;10008;23;;;9996.0;0.0
-1;12900;ASH_COATED_OSMIUM;9989;14;;;;;10005;14;10007;29;;;9997.0;0.0
-1;12900;INTARIAN_PEPPER_ROOT;11064;20;;;;;11079;10;11082;20;;;11071.5;0.0
-1;13000;INTARIAN_PEPPER_ROOT;11068;11;11065;20;;;11080;11;11083;20;;;11074.0;0.0
-1;13000;ASH_COATED_OSMIUM;9989;13;9986;25;;;10005;13;10007;25;;;9997.0;0.0
-1;13100;ASH_COATED_OSMIUM;9989;15;9986;24;;;10007;24;;;;;9998.0;0.0
-1;13100;INTARIAN_PEPPER_ROOT;11068;12;11065;16;;;11083;16;;;;;11075.5;0.0
-1;13200;INTARIAN_PEPPER_ROOT;11069;12;11066;20;;;11081;12;11084;20;;;11075.0;0.0
-1;13200;ASH_COATED_OSMIUM;9987;20;;;;;10005;12;10008;20;;;9996.0;0.0
-1;13300;ASH_COATED_OSMIUM;9989;15;9987;29;;;10005;15;10008;29;;;9997.0;0.0
-1;13300;INTARIAN_PEPPER_ROOT;11069;12;11067;25;;;11081;12;11084;25;;;11075.0;0.0
-1;13400;INTARIAN_PEPPER_ROOT;11070;8;11068;24;;;11082;8;;;;;11076.0;0.0
-1;13400;ASH_COATED_OSMIUM;9989;12;9987;29;;;10005;12;10008;29;;;9997.0;0.0
-1;13500;ASH_COATED_OSMIUM;9989;15;9986;21;;;10005;15;10007;21;;;9997.0;0.0
-1;13500;INTARIAN_PEPPER_ROOT;11070;9;11068;21;;;11083;9;11085;21;;;11076.5;0.0
-1;13600;INTARIAN_PEPPER_ROOT;11072;12;11069;22;;;11084;12;11086;22;;;11078.0;0.0
-1;13600;ASH_COATED_OSMIUM;9989;11;;;;;10005;11;10007;30;;;9997.0;0.0
-1;13700;ASH_COATED_OSMIUM;9989;10;9986;29;;;10005;10;10007;29;;;9997.0;0.0
-1;13700;INTARIAN_PEPPER_ROOT;11072;12;11069;22;;;11084;12;11086;22;;;11078.0;0.0
-1;13800;INTARIAN_PEPPER_ROOT;11073;11;11070;17;;;11085;11;11088;17;;;11079.0;0.0
-1;13800;ASH_COATED_OSMIUM;9989;12;9987;26;;;10005;12;10008;26;;;9997.0;0.0
-1;13900;ASH_COATED_OSMIUM;9990;12;9987;20;;;10006;12;;;;;9998.0;0.0
-1;13900;INTARIAN_PEPPER_ROOT;11082;4;11073;12;11070;15;11085;12;11088;15;;;11083.5;0.0
-1;14000;INTARIAN_PEPPER_ROOT;11073;9;11070;21;;;11085;9;11088;21;;;11079.0;0.0
-1;14000;ASH_COATED_OSMIUM;9988;28;;;;;;;;;;;9988.0;0.0
-1;14100;ASH_COATED_OSMIUM;9996;4;9990;14;9988;27;10006;14;10009;27;;;10001.0;0.0
-1;14100;INTARIAN_PEPPER_ROOT;11074;9;11071;15;;;11086;9;11089;15;;;11080.0;0.0
-1;14200;INTARIAN_PEPPER_ROOT;11074;11;11071;23;;;11086;11;11089;23;;;11080.0;0.0
-1;14200;ASH_COATED_OSMIUM;9987;26;;;;;10006;15;;;;;9996.5;0.0
-1;14300;ASH_COATED_OSMIUM;9990;13;9988;30;;;10006;13;10009;30;;;9998.0;0.0
-1;14300;INTARIAN_PEPPER_ROOT;11075;12;11073;18;;;11087;12;11090;18;;;11081.0;0.0
-1;14400;INTARIAN_PEPPER_ROOT;11075;10;;;;;11083;11;11087;10;11090;22;11079.0;0.0
-1;14400;ASH_COATED_OSMIUM;9988;26;;;;;10007;10;10009;26;;;9997.5;0.0
-1;14500;ASH_COATED_OSMIUM;9991;10;9989;20;;;10001;5;10007;10;10010;20;9996.0;0.0
-1;14500;INTARIAN_PEPPER_ROOT;11076;11;11074;19;;;11089;11;11091;19;;;11082.5;0.0
-1;14600;INTARIAN_PEPPER_ROOT;11077;12;11074;19;;;11091;19;;;;;11084.0;0.0
-1;14600;ASH_COATED_OSMIUM;9989;22;;;;;10010;22;;;;;9999.5;0.0
-1;14700;ASH_COATED_OSMIUM;9989;26;;;;;10001;4;10007;12;10010;26;9995.0;0.0
-1;14700;INTARIAN_PEPPER_ROOT;11078;9;11075;16;;;11092;16;;;;;11085.0;0.0
-1;14800;INTARIAN_PEPPER_ROOT;11078;8;11075;19;;;11090;8;11093;19;;;11084.0;0.0
-1;14800;ASH_COATED_OSMIUM;9992;14;9989;23;;;10008;14;10010;23;;;10000.0;0.0
-1;14900;ASH_COATED_OSMIUM;9991;13;9989;20;;;10007;13;10010;20;;;9999.0;0.0
-1;14900;INTARIAN_PEPPER_ROOT;11079;11;11076;18;;;11091;11;11094;18;;;11085.0;0.0
-1;15000;INTARIAN_PEPPER_ROOT;11079;11;11076;18;;;11091;11;11094;18;;;11085.0;0.0
-1;15000;ASH_COATED_OSMIUM;9992;13;;;;;10001;3;10008;13;10010;25;9996.5;0.0
-1;15100;ASH_COATED_OSMIUM;9992;11;9990;26;;;10011;26;;;;;10001.5;0.0
-1;15100;INTARIAN_PEPPER_ROOT;11080;10;11077;16;;;;;;;;;11080.0;0.0
-1;15200;INTARIAN_PEPPER_ROOT;11080;12;;;;;11092;12;11095;23;;;11086.0;0.0
-1;15200;ASH_COATED_OSMIUM;9992;10;9990;25;;;10008;10;10011;25;;;10000.0;0.0
-1;15300;ASH_COATED_OSMIUM;9993;11;9990;24;;;10009;11;10011;24;;;10001.0;0.0
-1;15300;INTARIAN_PEPPER_ROOT;11080;11;11078;25;;;11092;11;11095;25;;;11086.0;0.0
-1;15400;INTARIAN_PEPPER_ROOT;11081;9;11079;24;;;11093;9;11096;24;;;11087.0;0.0
-1;15400;ASH_COATED_OSMIUM;9990;23;;;;;10009;14;;;;;9999.5;0.0
-1;15500;INTARIAN_PEPPER_ROOT;11079;16;;;;;11094;12;11096;16;;;11086.5;0.0
-1;15500;ASH_COATED_OSMIUM;10002;10;9992;10;9990;22;10008;10;10011;22;;;10005.0;0.0
-1;15600;INTARIAN_PEPPER_ROOT;11083;9;11080;22;;;11095;9;11097;22;;;11089.0;0.0
-1;15600;ASH_COATED_OSMIUM;9992;11;9990;23;;;10011;23;;;;;10001.5;0.0
-1;15700;INTARIAN_PEPPER_ROOT;11083;9;11080;23;;;11095;9;;;;;11089.0;0.0
-1;15700;ASH_COATED_OSMIUM;9993;15;9990;20;;;10009;15;10011;20;;;10001.0;0.0
-1;15800;INTARIAN_PEPPER_ROOT;11084;8;11081;16;;;11096;8;11099;16;;;11090.0;0.0
-1;15800;ASH_COATED_OSMIUM;9990;23;;;;;10008;15;10011;23;;;9999.0;0.0
-1;15900;INTARIAN_PEPPER_ROOT;11084;12;11081;23;;;11096;12;11099;23;;;11090.0;0.0
-1;15900;ASH_COATED_OSMIUM;9993;10;;;;;10011;30;;;;;10002.0;0.0
-1;16000;INTARIAN_PEPPER_ROOT;11085;9;11082;17;;;11100;17;;;;;11092.5;0.0
-1;16000;ASH_COATED_OSMIUM;9992;10;9990;23;;;10008;10;10011;23;;;10000.0;0.0
-1;16100;INTARIAN_PEPPER_ROOT;11085;9;11082;25;;;11097;9;11100;25;;;11091.0;0.0
-1;16100;ASH_COATED_OSMIUM;9997;4;9992;13;;;10008;13;10010;25;;;10002.5;0.0
-1;16200;INTARIAN_PEPPER_ROOT;11086;12;11083;24;;;11098;12;11101;24;;;11092.0;0.0
-1;16200;ASH_COATED_OSMIUM;9992;12;9990;21;;;10011;21;;;;;10001.5;0.0
-1;16300;INTARIAN_PEPPER_ROOT;11086;8;11084;16;;;11098;8;;;;;11092.0;0.0
-1;16300;ASH_COATED_OSMIUM;9992;13;9989;22;;;10008;13;10010;22;;;10000.0;0.0
-1;16400;INTARIAN_PEPPER_ROOT;11087;9;11085;21;;;11099;9;11102;21;;;11093.0;0.0
-1;16400;ASH_COATED_OSMIUM;9992;13;9990;26;;;10008;13;10011;26;;;10000.0;0.0
-1;16500;INTARIAN_PEPPER_ROOT;11087;11;;;;;11100;11;11102;19;;;11093.5;0.0
-1;16500;ASH_COATED_OSMIUM;9992;15;9990;22;;;10011;22;;;;;10001.5;0.0
-1;16600;INTARIAN_PEPPER_ROOT;11088;12;11085;25;;;11100;12;11102;25;;;11094.0;0.0
-1;16600;ASH_COATED_OSMIUM;9992;15;9990;27;;;10008;15;10011;27;;;10000.0;0.0
-1;16700;INTARIAN_PEPPER_ROOT;;;;;;;11101;10;11103;24;;;11101.0;0.0
-1;16700;ASH_COATED_OSMIUM;9993;13;9990;30;;;10009;13;10011;30;;;10001.0;0.0
-1;16800;INTARIAN_PEPPER_ROOT;11089;8;11086;23;;;11101;8;11104;23;;;11095.0;0.0
-1;16800;ASH_COATED_OSMIUM;9993;10;9991;26;;;10009;10;10012;26;;;10001.0;0.0
-1;16900;INTARIAN_PEPPER_ROOT;11090;10;11087;17;;;11102;10;;;;;11096.0;0.0
-1;16900;ASH_COATED_OSMIUM;9991;23;;;;;10010;14;10012;23;;;10000.5;0.0
-1;17000;ASH_COATED_OSMIUM;9991;27;;;;;10010;11;10012;27;;;10000.5;0.0
-1;17000;INTARIAN_PEPPER_ROOT;11090;9;11087;15;;;11102;9;11105;15;;;11096.0;0.0
-1;17100;INTARIAN_PEPPER_ROOT;11091;11;;;;;11106;17;;;;;11098.5;0.0
-1;17100;ASH_COATED_OSMIUM;9993;12;;;;;10009;12;10012;25;;;10001.0;0.0
-1;17200;INTARIAN_PEPPER_ROOT;11091;9;11088;19;;;11103;9;11106;19;;;11097.0;0.0
-1;17200;ASH_COATED_OSMIUM;9994;13;9991;24;;;10010;13;10012;24;;;10002.0;0.0
-1;17300;ASH_COATED_OSMIUM;9994;12;9992;29;;;10010;12;10013;29;;;10002.0;0.0
-1;17300;INTARIAN_PEPPER_ROOT;11092;8;11090;22;;;11104;8;11107;22;;;11098.0;0.0
-1;17400;ASH_COATED_OSMIUM;9994;11;9992;21;;;10010;11;10013;21;;;10002.0;0.0
-1;17400;INTARIAN_PEPPER_ROOT;11092;9;11090;17;;;11095;3;11104;9;11107;17;11093.5;0.0
-1;17500;INTARIAN_PEPPER_ROOT;11093;9;;;;;11106;9;11108;19;;;11099.5;0.0
-1;17500;ASH_COATED_OSMIUM;9992;27;;;;;10010;11;;;;;10001.0;0.0
-1;17600;INTARIAN_PEPPER_ROOT;11094;9;;;;;11106;9;;;;;11100.0;0.0
-1;17600;ASH_COATED_OSMIUM;9994;14;9991;25;;;10010;14;10012;25;;;10002.0;0.0
-1;17700;ASH_COATED_OSMIUM;9994;10;9992;24;;;10010;10;;;;;10002.0;0.0
-1;17700;INTARIAN_PEPPER_ROOT;11095;8;;;;;11107;8;11109;16;;;11101.0;0.0
-1;17800;ASH_COATED_OSMIUM;9994;10;9991;23;;;10012;23;;;;;10003.0;0.0
-1;17800;INTARIAN_PEPPER_ROOT;11095;8;11092;24;;;11107;8;11110;24;;;11101.0;0.0
-1;17900;INTARIAN_PEPPER_ROOT;11095;9;11092;20;;;11107;9;11110;20;;;11101.0;0.0
-1;17900;ASH_COATED_OSMIUM;9994;11;9991;22;;;10010;11;10012;22;;;10002.0;0.0
-1;18000;INTARIAN_PEPPER_ROOT;11096;9;11093;21;;;11108;9;;;;;11102.0;0.0
-1;18000;ASH_COATED_OSMIUM;9994;15;9991;23;;;10010;15;10012;23;;;10002.0;0.0
-1;18100;ASH_COATED_OSMIUM;9994;11;9991;30;;;;;;;;;9994.0;0.0
-1;18100;INTARIAN_PEPPER_ROOT;11096;10;11093;25;;;11108;10;;;;;11102.0;0.0
-1;18200;ASH_COATED_OSMIUM;9993;10;9991;28;;;10009;10;;;;;10001.0;0.0
-1;18200;INTARIAN_PEPPER_ROOT;11097;10;11094;15;;;11109;10;11112;15;;;11103.0;0.0
-1;18300;INTARIAN_PEPPER_ROOT;11097;12;11095;17;;;11109;12;11112;17;;;11103.0;0.0
-1;18300;ASH_COATED_OSMIUM;9993;11;9991;28;;;10009;11;10012;28;;;10001.0;0.0
-1;18400;INTARIAN_PEPPER_ROOT;11098;11;11096;25;;;11110;11;11113;25;;;11104.0;0.0
-1;18400;ASH_COATED_OSMIUM;9991;22;;;;;10010;10;10012;22;;;10000.5;0.0
-1;18500;ASH_COATED_OSMIUM;9994;11;9991;25;;;10010;11;10012;25;;;10002.0;0.0
-1;18500;INTARIAN_PEPPER_ROOT;11098;10;11096;20;;;11111;10;;;;;11104.5;0.0
-1;18600;ASH_COATED_OSMIUM;9993;11;9990;25;;;10009;11;;;;;10001.0;0.0
-1;18600;INTARIAN_PEPPER_ROOT;11100;11;;;;;;;;;;;11100.0;0.0
-1;18700;INTARIAN_PEPPER_ROOT;11100;9;11097;21;;;11114;21;;;;;11107.0;0.0
-1;18700;ASH_COATED_OSMIUM;9992;13;9990;20;;;10008;13;10011;20;;;10000.0;0.0
-1;18800;INTARIAN_PEPPER_ROOT;11101;8;11098;21;;;11113;8;11116;21;;;11107.0;0.0
-1;18800;ASH_COATED_OSMIUM;9992;13;9990;29;;;10008;13;10011;29;;;10000.0;0.0
-1;18900;ASH_COATED_OSMIUM;9992;12;;;;;10002;5;10008;12;10011;30;9997.0;0.0
-1;18900;INTARIAN_PEPPER_ROOT;;;;;;;11116;23;;;;;11116.0;0.0
-1;19000;ASH_COATED_OSMIUM;9990;27;;;;;10008;10;;;;;9999.0;0.0
-1;19000;INTARIAN_PEPPER_ROOT;11101;12;11098;18;;;11113;12;11116;18;;;11107.0;0.0
-1;19100;INTARIAN_PEPPER_ROOT;11102;11;11099;21;;;11114;11;11117;21;;;11108.0;0.0
-1;19100;ASH_COATED_OSMIUM;9992;13;9990;29;;;10008;13;10011;29;;;10000.0;0.0
-1;19200;INTARIAN_PEPPER_ROOT;11102;9;;;;;11114;9;;;;;11108.0;0.0
-1;19200;ASH_COATED_OSMIUM;9993;10;9990;23;;;10009;10;;;;;10001.0;0.0
-1;19300;ASH_COATED_OSMIUM;9992;15;;;;;10011;22;;;;;10001.5;0.0
-1;19300;INTARIAN_PEPPER_ROOT;11103;8;11101;23;;;11115;8;11118;23;;;11109.0;0.0
-1;19400;ASH_COATED_OSMIUM;9990;24;;;;;10009;14;10011;24;;;9999.5;0.0
-1;19400;INTARIAN_PEPPER_ROOT;11103;8;11101;22;;;11118;22;;;;;11110.5;0.0
-1;19500;INTARIAN_PEPPER_ROOT;11104;8;11102;19;;;11117;8;11119;19;;;11110.5;0.0
-1;19500;ASH_COATED_OSMIUM;9992;11;;;;;10008;11;;;;;10000.0;0.0
-1;19600;INTARIAN_PEPPER_ROOT;11105;9;11102;23;;;11119;23;;;;;11112.0;0.0
-1;19600;ASH_COATED_OSMIUM;9992;11;9990;26;;;10008;11;10011;26;;;10000.0;0.0
-1;19700;ASH_COATED_OSMIUM;9992;15;9990;25;;;10008;15;;;;;10000.0;0.0
-1;19700;INTARIAN_PEPPER_ROOT;11106;10;11103;22;;;11120;22;;;;;11113.0;0.0
-1;19800;ASH_COATED_OSMIUM;9990;29;;;;;9998;4;10009;14;10011;29;9994.0;0.0
-1;19800;INTARIAN_PEPPER_ROOT;11106;10;;;;;11118;10;11121;16;;;11112.0;0.0
-1;19900;INTARIAN_PEPPER_ROOT;11107;12;11104;15;;;11119;12;11122;15;;;11113.0;0.0
-1;19900;ASH_COATED_OSMIUM;9993;10;9991;26;;;10009;10;10012;26;;;10001.0;0.0
-1;20000;INTARIAN_PEPPER_ROOT;11107;11;11104;24;;;11119;11;11122;24;;;11113.0;0.0
-1;20000;ASH_COATED_OSMIUM;9993;14;9990;21;;;10009;14;10011;21;;;10001.0;0.0
-1;20100;INTARIAN_PEPPER_ROOT;11107;11;11104;15;;;11119;11;11122;15;;;11113.0;0.0
-1;20100;ASH_COATED_OSMIUM;9993;11;9990;30;;;10009;11;10011;30;;;10001.0;0.0
-1;20200;INTARIAN_PEPPER_ROOT;11105;15;;;;;11123;15;;;;;11114.0;0.0
-1;20200;ASH_COATED_OSMIUM;9993;14;9990;26;;;10009;14;10011;26;;;10001.0;0.0
-1;20300;INTARIAN_PEPPER_ROOT;11108;12;;;;;11123;22;;;;;11115.5;0.0
-1;20300;ASH_COATED_OSMIUM;9992;11;9990;26;;;10011;26;;;;;10001.5;0.0
-1;20400;INTARIAN_PEPPER_ROOT;11109;8;11107;17;;;11121;8;11124;17;;;11115.0;0.0
-1;20400;ASH_COATED_OSMIUM;9992;11;9990;27;;;10008;11;;;;;10000.0;0.0
-1;20500;INTARIAN_PEPPER_ROOT;11109;12;;;;;11122;12;11124;22;;;11115.5;0.0
-1;20500;ASH_COATED_OSMIUM;9992;10;9990;28;;;10008;10;;;;;10000.0;0.0
-1;20600;INTARIAN_PEPPER_ROOT;11111;10;;;;;11123;10;11125;16;;;11117.0;0.0
-1;20600;ASH_COATED_OSMIUM;9993;13;9990;25;;;10009;13;10011;25;;;10001.0;0.0
-1;20700;INTARIAN_PEPPER_ROOT;11111;8;11108;15;;;11123;8;;;;;11117.0;0.0
-1;20700;ASH_COATED_OSMIUM;9990;20;;;;;10008;15;10011;20;;;9999.0;0.0
-1;20800;INTARIAN_PEPPER_ROOT;11112;9;11109;25;;;11124;9;11127;25;;;11118.0;0.0
-1;20800;ASH_COATED_OSMIUM;9992;10;9990;23;;;10008;10;10011;23;;;10000.0;0.0
-1;20900;INTARIAN_PEPPER_ROOT;11109;22;;;;;11124;9;11127;22;;;11116.5;0.0
-1;20900;ASH_COATED_OSMIUM;9992;14;9990;20;;;10008;14;10011;20;;;10000.0;0.0
-1;21000;INTARIAN_PEPPER_ROOT;11113;10;11110;17;;;11128;17;;;;;11120.5;0.0
-1;21000;ASH_COATED_OSMIUM;9992;10;9990;21;;;10008;10;10011;21;;;10000.0;0.0
-1;21100;INTARIAN_PEPPER_ROOT;11113;10;11110;18;;;11125;10;11128;18;;;11119.0;0.0
-1;21100;ASH_COATED_OSMIUM;9989;26;;;;;10008;11;10010;26;;;9998.5;0.0
-1;21200;INTARIAN_PEPPER_ROOT;11113;12;;;;;11125;12;11128;23;;;11119.0;0.0
-1;21200;ASH_COATED_OSMIUM;9992;12;;;;;10008;12;10011;25;;;10000.0;0.0
-1;21300;INTARIAN_PEPPER_ROOT;11114;10;;;;;11126;10;11129;17;;;11120.0;0.0
-1;21300;ASH_COATED_OSMIUM;9992;14;;;;;10008;14;10011;30;;;10000.0;0.0
-1;21400;INTARIAN_PEPPER_ROOT;11114;10;11112;23;;;11126;10;;;;;11120.0;0.0
-1;21400;ASH_COATED_OSMIUM;9993;12;9990;24;;;10009;12;10011;24;;;10001.0;0.0
-1;21500;ASH_COATED_OSMIUM;9998;3;9992;15;;;10008;15;;;;;10003.0;0.0
-1;21500;INTARIAN_PEPPER_ROOT;11115;9;11113;20;;;11128;9;11130;20;;;11121.5;0.0
-1;21600;INTARIAN_PEPPER_ROOT;11116;8;11113;22;;;11128;8;11130;22;;;11122.0;0.0
-1;21600;ASH_COATED_OSMIUM;9992;14;9990;27;;;10011;27;;;;;10001.5;0.0
-1;21700;ASH_COATED_OSMIUM;9992;14;9989;27;;;10008;14;10010;27;;;10000.0;0.0
-1;21700;INTARIAN_PEPPER_ROOT;11117;8;11114;23;;;11129;8;11131;23;;;11123.0;0.0
-1;21800;INTARIAN_PEPPER_ROOT;;;;;;;;;;;;;101.0;0.0
-1;21800;ASH_COATED_OSMIUM;;;;;;;10007;10;10010;23;;;10007.0;0.0
-1;21900;ASH_COATED_OSMIUM;9991;13;9989;29;;;;;;;;;9991.0;0.0
-1;21900;INTARIAN_PEPPER_ROOT;11118;8;;;;;11130;8;11133;15;;;11124.0;0.0
-1;22000;INTARIAN_PEPPER_ROOT;11118;9;11115;17;;;11130;9;11133;17;;;11124.0;0.0
-1;22000;ASH_COATED_OSMIUM;9989;27;;;;;10007;15;10010;27;;;9998.0;0.0
-1;22100;ASH_COATED_OSMIUM;9991;11;9989;29;;;10007;11;10010;29;;;9999.0;0.0
-1;22100;INTARIAN_PEPPER_ROOT;11119;12;11116;21;;;11131;12;11134;21;;;11125.0;0.0
-1;22200;INTARIAN_PEPPER_ROOT;11119;12;11116;16;;;11134;16;;;;;11126.5;0.0
-1;22200;ASH_COATED_OSMIUM;9989;28;;;;;10007;11;;;;;9998.0;0.0
-1;22300;ASH_COATED_OSMIUM;9992;15;;;;;9997;4;10008;15;;;9994.5;0.0
-1;22300;INTARIAN_PEPPER_ROOT;11117;23;;;;;11131;12;11134;23;;;11124.0;0.0
-1;22400;INTARIAN_PEPPER_ROOT;11120;10;11118;25;;;11135;25;;;;;11127.5;0.0
-1;22400;ASH_COATED_OSMIUM;9991;11;9989;26;;;10007;11;;;;;9999.0;0.0
-1;22500;ASH_COATED_OSMIUM;9991;14;9989;27;;;10007;14;10010;27;;;9999.0;0.0
-1;22500;INTARIAN_PEPPER_ROOT;;;;;;;11133;10;11135;25;;;11133.0;0.0
-1;22600;INTARIAN_PEPPER_ROOT;11122;9;11119;17;;;11134;9;11136;17;;;11128.0;0.0
-1;22600;ASH_COATED_OSMIUM;;;;;;;10007;11;10010;28;;;10007.0;0.0
-1;22700;ASH_COATED_OSMIUM;9997;5;9991;10;9989;30;10007;10;;;;;10002.0;0.0
-1;22700;INTARIAN_PEPPER_ROOT;11122;9;11119;19;;;11134;9;;;;;11128.0;0.0
-1;22800;INTARIAN_PEPPER_ROOT;11123;11;11120;19;;;11135;11;11138;19;;;11129.0;0.0
-1;22800;ASH_COATED_OSMIUM;9991;14;;;;;10007;14;;;;;9999.0;0.0
-1;22900;ASH_COATED_OSMIUM;9991;11;;;;;10007;11;10009;26;;;9999.0;0.0
-1;22900;INTARIAN_PEPPER_ROOT;11123;10;11120;25;;;11135;10;;;;;11129.0;0.0
-1;23000;INTARIAN_PEPPER_ROOT;11121;20;;;;;11136;11;11139;20;;;11128.5;0.0
-1;23000;ASH_COATED_OSMIUM;9991;12;9989;22;;;10007;12;10010;22;;;9999.0;0.0
-1;23100;ASH_COATED_OSMIUM;9991;13;9989;29;;;10007;13;;;;;9999.0;0.0
-1;23100;INTARIAN_PEPPER_ROOT;11121;23;;;;;11126;4;11136;10;11139;23;11123.5;0.0
-1;23200;INTARIAN_PEPPER_ROOT;11122;22;;;;;11137;10;11140;22;;;11129.5;0.0
-1;23200;ASH_COATED_OSMIUM;9991;14;9989;27;;;9997;7;10001;2;10007;14;9994.0;0.0
-1;23300;ASH_COATED_OSMIUM;9989;26;;;;;10007;12;10010;26;;;9998.0;0.0
-1;23300;INTARIAN_PEPPER_ROOT;11125;8;11123;23;;;11137;8;11140;23;;;11131.0;0.0
-1;23400;INTARIAN_PEPPER_ROOT;11125;10;11123;23;;;11137;10;11140;23;;;11131.0;0.0
-1;23400;ASH_COATED_OSMIUM;9991;11;9989;28;;;10010;28;;;;;10000.5;0.0
-1;23500;ASH_COATED_OSMIUM;9991;11;9989;28;;;;;;;;;9991.0;0.0
-1;23500;INTARIAN_PEPPER_ROOT;11124;21;;;;;11139;9;11141;21;;;11131.5;0.0
-1;23600;INTARIAN_PEPPER_ROOT;11127;10;11124;18;;;11139;10;11141;18;;;11133.0;0.0
-1;23600;ASH_COATED_OSMIUM;9989;21;;;;;10008;15;10010;21;;;9998.5;0.0
-1;23700;ASH_COATED_OSMIUM;9989;30;;;;;10007;11;10010;30;;;9998.0;0.0
-1;23700;INTARIAN_PEPPER_ROOT;;;;;;;11140;8;11142;16;;;11140.0;0.0
-1;23800;INTARIAN_PEPPER_ROOT;11128;9;;;;;11140;9;11143;18;;;11134.0;0.0
-1;23800;ASH_COATED_OSMIUM;;;;;;;10009;27;;;;;10009.0;0.0
-1;23900;ASH_COATED_OSMIUM;9991;15;;;;;10007;15;;;;;9999.0;0.0
-1;23900;INTARIAN_PEPPER_ROOT;11129;12;11126;19;;;11141;12;;;;;11135.0;0.0
-1;24000;INTARIAN_PEPPER_ROOT;11129;9;11126;19;;;11141;9;11144;19;;;11135.0;0.0
-1;24000;ASH_COATED_OSMIUM;9991;12;9989;23;;;10007;12;10010;23;;;9999.0;0.0
-1;24100;ASH_COATED_OSMIUM;9991;12;9989;23;;;10007;12;10010;23;;;9999.0;0.0
-1;24100;INTARIAN_PEPPER_ROOT;11130;10;11127;22;;;11142;10;11145;22;;;11136.0;0.0
-1;24200;INTARIAN_PEPPER_ROOT;11127;20;;;;;11142;9;11145;20;;;11134.5;0.0
-1;24200;ASH_COATED_OSMIUM;9991;11;9989;30;;;10007;11;10010;30;;;9999.0;0.0
-1;24300;ASH_COATED_OSMIUM;9992;12;9989;30;;;10008;12;10010;30;;;10000.0;0.0
-1;24300;INTARIAN_PEPPER_ROOT;11130;12;11128;17;;;11142;12;11145;17;;;11136.0;0.0
-1;24400;INTARIAN_PEPPER_ROOT;11131;10;11129;22;;;11143;10;11146;22;;;11137.0;0.0
-1;24400;ASH_COATED_OSMIUM;9989;20;;;;;9997;9;10007;14;10010;20;9993.0;0.0
-1;24500;INTARIAN_PEPPER_ROOT;11131;12;;;;;11144;12;11146;15;;;11137.5;0.0
-1;24500;ASH_COATED_OSMIUM;9991;11;9989;24;;;10010;24;;;;;10000.5;0.0
-1;24600;INTARIAN_PEPPER_ROOT;11133;8;11130;17;;;11145;8;11147;17;;;11139.0;0.0
-1;24600;ASH_COATED_OSMIUM;9991;14;9989;23;;;10007;14;10010;23;;;9999.0;0.0
-1;24700;INTARIAN_PEPPER_ROOT;11133;12;11130;18;;;11145;12;11147;18;;;11139.0;0.0
-1;24700;ASH_COATED_OSMIUM;9992;12;9989;22;;;10008;12;10010;22;;;10000.0;0.0
-1;24800;INTARIAN_PEPPER_ROOT;11131;17;;;;;11146;11;11149;17;;;11138.5;0.0
-1;24800;ASH_COATED_OSMIUM;9992;11;9989;20;;;10008;11;;;;;10000.0;0.0
-1;24900;INTARIAN_PEPPER_ROOT;11134;11;11131;17;;;11146;11;11149;17;;;11140.0;0.0
-1;24900;ASH_COATED_OSMIUM;9992;11;9989;28;;;10008;11;10010;28;;;10000.0;0.0
-1;25000;INTARIAN_PEPPER_ROOT;11135;11;11132;15;;;11147;11;11150;15;;;11141.0;0.0
-1;25000;ASH_COATED_OSMIUM;9992;14;;;;;10008;14;10010;25;;;10000.0;0.0
-1;25100;INTARIAN_PEPPER_ROOT;11135;12;11132;19;;;11150;19;;;;;11142.5;0.0
-1;25100;ASH_COATED_OSMIUM;10002;8;9992;10;9990;30;10008;10;10011;30;;;10005.0;0.0
-1;25200;INTARIAN_PEPPER_ROOT;;;;;;;11148;8;11151;17;;;11148.0;0.0
-1;25200;ASH_COATED_OSMIUM;9992;10;;;;;10011;24;;;;;10001.5;0.0
-1;25300;INTARIAN_PEPPER_ROOT;11136;10;11134;25;;;11148;10;11151;25;;;11142.0;0.0
-1;25300;ASH_COATED_OSMIUM;9992;11;9990;28;;;10008;11;10011;28;;;10000.0;0.0
-1;25400;INTARIAN_PEPPER_ROOT;11134;25;;;;;11151;25;;;;;11142.5;0.0
-1;25400;ASH_COATED_OSMIUM;9993;14;9991;28;;;10009;14;10012;28;;;10001.0;0.0
-1;25500;INTARIAN_PEPPER_ROOT;11135;24;;;;;11140;6;11150;10;11152;24;11137.5;0.0
-1;25500;ASH_COATED_OSMIUM;9993;11;9990;22;;;;;;;;;9993.0;0.0
-1;25600;INTARIAN_PEPPER_ROOT;11138;8;11135;22;;;11150;8;11152;22;;;11144.0;0.0
-1;25600;ASH_COATED_OSMIUM;9992;14;;;;;10011;24;;;;;10001.5;0.0
-1;25700;INTARIAN_PEPPER_ROOT;11139;8;11136;22;;;11151;8;;;;;11145.0;0.0
-1;25700;ASH_COATED_OSMIUM;9992;14;9989;21;;;10008;14;10010;21;;;10000.0;0.0
-1;25800;INTARIAN_PEPPER_ROOT;11139;10;11136;18;;;11151;10;11154;18;;;11145.0;0.0
-1;25800;ASH_COATED_OSMIUM;9990;20;;;;;10008;15;;;;;9999.0;0.0
-1;25900;ASH_COATED_OSMIUM;9993;12;9990;30;;;10011;30;;;;;10002.0;0.0
-1;25900;INTARIAN_PEPPER_ROOT;11140;9;11137;17;;;11152;9;11155;17;;;11146.0;0.0
-1;26000;ASH_COATED_OSMIUM;9993;13;;;;;10009;13;10011;21;;;10001.0;0.0
-1;26000;INTARIAN_PEPPER_ROOT;11140;9;;;;;11155;25;;;;;11147.5;0.0
-1;26100;INTARIAN_PEPPER_ROOT;;;;;;;11153;9;11156;21;;;11153.0;0.0
-1;26100;ASH_COATED_OSMIUM;9993;10;9990;28;;;10009;10;10011;28;;;10001.0;0.0
-1;26200;INTARIAN_PEPPER_ROOT;11141;10;11138;19;;;11156;19;;;;;11148.5;0.0
-1;26200;ASH_COATED_OSMIUM;9993;15;;;;;10009;15;10011;30;;;10001.0;0.0
-1;26300;ASH_COATED_OSMIUM;9992;13;9990;22;;;10011;22;;;;;10001.5;0.0
-1;26300;INTARIAN_PEPPER_ROOT;;;;;;;11153;11;11156;18;;;11153.0;0.0
-1;26400;ASH_COATED_OSMIUM;9992;13;;;;;10008;13;;;;;10000.0;0.0
-1;26400;INTARIAN_PEPPER_ROOT;11140;15;;;;;11154;12;11157;15;;;11147.0;0.0
-1;26500;INTARIAN_PEPPER_ROOT;11142;8;11140;21;;;11157;21;;;;;11149.5;0.0
-1;26500;ASH_COATED_OSMIUM;;;;;;;10009;13;;;;;10009.0;0.0
-1;26600;INTARIAN_PEPPER_ROOT;11144;11;;;;;11156;11;;;;;11150.0;0.0
-1;26600;ASH_COATED_OSMIUM;9990;27;;;;;10009;12;10011;27;;;9999.5;0.0
-1;26700;ASH_COATED_OSMIUM;9992;10;9989;24;;;10008;10;10010;24;;;10000.0;0.0
-1;26700;INTARIAN_PEPPER_ROOT;11144;10;11141;23;;;11156;10;11158;23;;;11150.0;0.0
-1;26800;ASH_COATED_OSMIUM;9990;24;;;;;9998;8;10008;15;;;9994.0;0.0
-1;26800;INTARIAN_PEPPER_ROOT;11145;12;11142;15;;;11157;12;11160;15;;;11151.0;0.0
-1;26900;INTARIAN_PEPPER_ROOT;;;;;;;11157;9;;;;;11157.0;0.0
-1;26900;ASH_COATED_OSMIUM;9992;10;9990;30;;;10002;2;10008;10;10011;30;9997.0;0.0
-1;27000;INTARIAN_PEPPER_ROOT;11143;25;;;;;11158;8;11161;25;;;11150.5;0.0
-1;27000;ASH_COATED_OSMIUM;9992;11;9990;26;;;10008;11;;;;;10000.0;0.0
-1;27100;ASH_COATED_OSMIUM;9992;10;9990;21;;;10008;10;10011;21;;;10000.0;0.0
-1;27100;INTARIAN_PEPPER_ROOT;;;;;;;11158;9;11161;19;;;11158.0;0.0
-1;27200;ASH_COATED_OSMIUM;9993;13;9990;22;;;10009;13;10011;22;;;10001.0;0.0
-1;27200;INTARIAN_PEPPER_ROOT;11146;12;11143;15;;;11158;12;11161;15;;;11152.0;0.0
-1;27300;INTARIAN_PEPPER_ROOT;11145;19;;;;;11159;10;11162;19;;;11152.0;0.0
-1;27300;ASH_COATED_OSMIUM;9992;10;9990;26;;;10008;10;10011;26;;;10000.0;0.0
-1;27400;INTARIAN_PEPPER_ROOT;11147;12;11145;17;;;11159;12;11162;17;;;11153.0;0.0
-1;27400;ASH_COATED_OSMIUM;9992;15;;;;;10008;15;10011;27;;;10000.0;0.0
-1;27500;ASH_COATED_OSMIUM;;;;;;;10009;10;10012;26;;;10009.0;0.0
-1;27500;INTARIAN_PEPPER_ROOT;;;;;;;11161;11;;;;;11161.0;0.0
-1;27600;ASH_COATED_OSMIUM;9993;11;9990;25;;;10009;11;10011;25;;;10001.0;0.0
-1;27600;INTARIAN_PEPPER_ROOT;11149;10;11146;25;;;11163;25;;;;;11156.0;0.0
-1;27700;INTARIAN_PEPPER_ROOT;11150;8;;;;;11162;8;11164;25;;;11156.0;0.0
-1;27700;ASH_COATED_OSMIUM;9993;10;9990;22;;;10009;10;10011;22;;;10001.0;0.0
-1;27800;INTARIAN_PEPPER_ROOT;11150;10;;;;;11162;10;11165;17;;;11156.0;0.0
-1;27800;ASH_COATED_OSMIUM;9993;15;;;;;10009;15;;;;;10001.0;0.0
-1;27900;ASH_COATED_OSMIUM;9993;14;9991;22;;;10009;14;10012;22;;;10001.0;0.0
-1;27900;INTARIAN_PEPPER_ROOT;11151;9;11148;18;;;11163;9;11166;18;;;11157.0;0.0
-1;28000;ASH_COATED_OSMIUM;9993;15;9991;26;;;10009;15;;;;;10001.0;0.0
-1;28000;INTARIAN_PEPPER_ROOT;11151;12;11148;23;;;11163;12;11166;23;;;11157.0;0.0
-1;28100;INTARIAN_PEPPER_ROOT;11151;10;11148;20;;;11166;20;;;;;11158.5;0.0
-1;28100;ASH_COATED_OSMIUM;9993;11;9991;22;;;10009;11;10012;22;;;10001.0;0.0
-1;28200;INTARIAN_PEPPER_ROOT;11152;12;11149;22;;;11164;12;;;;;11158.0;0.0
-1;28200;ASH_COATED_OSMIUM;9993;11;9991;23;;;10009;11;10012;23;;;10001.0;0.0
-1;28300;ASH_COATED_OSMIUM;9993;13;9991;21;;;10009;13;;;;;10001.0;0.0
-1;28300;INTARIAN_PEPPER_ROOT;11152;8;11150;25;;;11164;8;;;;;11158.0;0.0
-1;28400;ASH_COATED_OSMIUM;9993;10;9991;21;;;10009;10;10012;21;;;10001.0;0.0
-1;28400;INTARIAN_PEPPER_ROOT;11153;10;11151;16;;;11165;10;11168;16;;;11159.0;0.0
-1;28500;INTARIAN_PEPPER_ROOT;11153;11;11151;21;;;11166;11;;;;;11159.5;0.0
-1;28500;ASH_COATED_OSMIUM;9994;11;9991;26;;;;;;;;;9994.0;0.0
-1;28600;INTARIAN_PEPPER_ROOT;11155;10;11152;17;;;11167;10;11169;17;;;11161.0;0.0
-1;28600;ASH_COATED_OSMIUM;9994;15;9992;28;;;10010;15;10013;28;;;10002.0;0.0
-1;28700;ASH_COATED_OSMIUM;9994;11;9992;27;;;10010;11;10013;27;;;10002.0;0.0
-1;28700;INTARIAN_PEPPER_ROOT;11155;10;11152;19;;;11167;10;;;;;11161.0;0.0
-1;28800;INTARIAN_PEPPER_ROOT;11155;11;11152;16;;;11167;11;11170;16;;;11161.0;0.0
-1;28800;ASH_COATED_OSMIUM;9995;15;9992;30;;;10011;15;10013;30;;;10003.0;0.0
-1;28900;INTARIAN_PEPPER_ROOT;11156;12;11153;23;;;11171;23;;;;;11163.5;0.0
-1;28900;ASH_COATED_OSMIUM;9994;14;9992;23;;;;;;;;;9994.0;0.0
-1;29000;INTARIAN_PEPPER_ROOT;11156;11;11153;19;;;11168;11;11171;19;;;11162.0;0.0
-1;29000;ASH_COATED_OSMIUM;9995;10;;;;;10011;10;10013;25;;;10003.0;0.0
-1;29100;INTARIAN_PEPPER_ROOT;11157;9;11154;25;;;;;;;;;11157.0;0.0
-1;29100;ASH_COATED_OSMIUM;9995;11;9992;30;;;10011;11;10013;30;;;10003.0;0.0
-1;29200;INTARIAN_PEPPER_ROOT;11157;10;;;;;11169;10;;;;;11163.0;0.0
-1;29200;ASH_COATED_OSMIUM;9995;14;9992;20;;;10011;14;10013;20;;;10003.0;0.0
-1;29300;INTARIAN_PEPPER_ROOT;11158;10;;;;;11170;10;11173;21;;;11164.0;0.0
-1;29300;ASH_COATED_OSMIUM;9994;11;9992;21;;;10010;11;10013;21;;;10002.0;0.0
-1;29400;INTARIAN_PEPPER_ROOT;11158;12;11156;21;;;11170;12;11173;21;;;11164.0;0.0
-1;29400;ASH_COATED_OSMIUM;9995;15;9992;24;;;10011;15;10013;24;;;10003.0;0.0
-1;29500;INTARIAN_PEPPER_ROOT;11159;11;11157;15;;;11172;11;;;;;11165.5;0.0
-1;29500;ASH_COATED_OSMIUM;9992;23;;;;;10011;14;10013;23;;;10001.5;0.0
-1;29600;INTARIAN_PEPPER_ROOT;11160;8;11157;18;;;11174;18;;;;;11167.0;0.0
-1;29600;ASH_COATED_OSMIUM;9994;10;9992;27;;;10010;10;10013;27;;;10002.0;0.0
-1;29700;INTARIAN_PEPPER_ROOT;11160;10;11157;19;;;11172;10;11174;19;;;11166.0;0.0
-1;29700;ASH_COATED_OSMIUM;9994;12;9992;29;;;10010;12;10013;29;;;10002.0;0.0
-1;29800;INTARIAN_PEPPER_ROOT;11161;10;11158;25;;;11173;10;11176;25;;;11167.0;0.0
-1;29800;ASH_COATED_OSMIUM;9994;15;9991;23;;;10010;15;;;;;10002.0;0.0
-1;29900;INTARIAN_PEPPER_ROOT;11161;11;11158;20;;;11173;11;11176;20;;;11167.0;0.0
-1;29900;ASH_COATED_OSMIUM;9994;12;9992;25;;;10010;12;10013;25;;;10002.0;0.0
-1;30000;INTARIAN_PEPPER_ROOT;11162;11;11159;23;;;11170;11;11174;11;11177;23;11166.0;0.0
-1;30000;ASH_COATED_OSMIUM;9994;13;9991;26;;;10010;13;10012;26;;;10002.0;0.0
-1;30100;INTARIAN_PEPPER_ROOT;11162;12;;;;;11174;12;11177;20;;;11168.0;0.0
-1;30100;ASH_COATED_OSMIUM;9994;13;9991;28;;;10010;13;10012;28;;;10002.0;0.0
-1;30200;INTARIAN_PEPPER_ROOT;11160;20;;;;;11175;12;11178;20;;;11167.5;0.0
-1;30200;ASH_COATED_OSMIUM;9991;24;;;;;10009;13;10012;24;;;10000.0;0.0
-1;30300;ASH_COATED_OSMIUM;9993;13;9991;23;;;10009;13;10012;23;;;10001.0;0.0
-1;30300;INTARIAN_PEPPER_ROOT;11163;11;11161;25;;;11175;11;11178;25;;;11169.0;0.0
-1;30400;INTARIAN_PEPPER_ROOT;11164;11;11162;25;;;11176;11;11179;25;;;11170.0;0.0
-1;30400;ASH_COATED_OSMIUM;9994;15;9991;24;;;10010;15;;;;;10002.0;0.0
-1;30500;ASH_COATED_OSMIUM;9993;12;9990;20;;;10009;12;10011;20;;;10001.0;0.0
-1;30500;INTARIAN_PEPPER_ROOT;11164;10;11162;18;;;11177;10;;;;;11170.5;0.0
-1;30600;INTARIAN_PEPPER_ROOT;11165;8;11162;17;;;11177;8;11179;17;;;11171.0;0.0
-1;30600;ASH_COATED_OSMIUM;9991;25;;;;;10012;25;;;;;10001.5;0.0
-1;30700;ASH_COATED_OSMIUM;9993;15;9991;24;;;10009;15;;;;;10001.0;0.0
-1;30700;INTARIAN_PEPPER_ROOT;11163;19;;;;;11178;10;11180;19;;;11170.5;0.0
-1;30800;INTARIAN_PEPPER_ROOT;11166;8;11163;21;;;11181;21;;;;;11173.5;0.0
-1;30800;ASH_COATED_OSMIUM;9993;13;;;;;10009;13;10012;29;;;10001.0;0.0
-1;30900;ASH_COATED_OSMIUM;9993;14;;;;;10012;24;;;;;10002.5;0.0
-1;30900;INTARIAN_PEPPER_ROOT;11167;11;;;;;11182;22;;;;;11174.5;0.0
-1;31000;INTARIAN_PEPPER_ROOT;11167;8;11164;23;;;;;;;;;11167.0;0.0
-1;31000;ASH_COATED_OSMIUM;9993;14;9991;30;;;10009;14;10012;30;;;10001.0;0.0
-1;31100;ASH_COATED_OSMIUM;9993;13;9990;26;;;10009;13;10011;26;;;10001.0;0.0
-1;31100;INTARIAN_PEPPER_ROOT;11168;11;11165;17;;;11180;11;11183;17;;;11174.0;0.0
-1;31200;INTARIAN_PEPPER_ROOT;11168;12;11165;25;;;11180;12;11183;25;;;11174.0;0.0
-1;31200;ASH_COATED_OSMIUM;9993;15;9990;26;;;10009;15;10011;26;;;10001.0;0.0
-1;31300;ASH_COATED_OSMIUM;;;;;;;10009;15;10011;26;;;10009.0;0.0
-1;31300;INTARIAN_PEPPER_ROOT;11168;11;11166;23;;;11180;11;11183;23;;;11174.0;0.0
-1;31400;INTARIAN_PEPPER_ROOT;11169;12;11167;22;;;11184;22;;;;;11176.5;0.0
-1;31400;ASH_COATED_OSMIUM;9993;12;9990;23;;;10009;12;10011;23;;;10001.0;0.0
-1;31500;ASH_COATED_OSMIUM;9990;26;;;;;10008;12;;;;;9999.0;0.0
-1;31500;INTARIAN_PEPPER_ROOT;11169;9;;;;;11182;9;11184;15;;;11175.5;0.0
-1;31600;INTARIAN_PEPPER_ROOT;11171;12;11168;21;;;11185;21;;;;;11178.0;0.0
-1;31600;ASH_COATED_OSMIUM;9993;12;;;;;10011;20;;;;;10002.0;0.0
-1;31700;ASH_COATED_OSMIUM;9993;14;9990;20;;;10009;14;10011;20;;;10001.0;0.0
-1;31700;INTARIAN_PEPPER_ROOT;11168;21;;;;;11183;11;11185;21;;;11175.5;0.0
-1;31800;INTARIAN_PEPPER_ROOT;11169;21;;;;;11184;10;;;;;11176.5;0.0
-1;31800;ASH_COATED_OSMIUM;9990;29;;;;;10009;10;10011;29;;;9999.5;0.0
-1;31900;ASH_COATED_OSMIUM;9991;27;;;;;10009;10;;;;;10000.0;0.0
-1;31900;INTARIAN_PEPPER_ROOT;11169;18;;;;;11184;10;11187;18;;;11176.5;0.0
-1;32000;INTARIAN_PEPPER_ROOT;11172;8;11169;22;;;11184;8;;;;;11178.0;0.0
-1;32000;ASH_COATED_OSMIUM;9993;11;;;;;10009;11;10012;27;;;10001.0;0.0
-1;32100;ASH_COATED_OSMIUM;9993;13;9991;20;;;10009;13;10012;20;;;10001.0;0.0
-1;32100;INTARIAN_PEPPER_ROOT;11173;8;;;;;11185;8;11188;23;;;11179.0;0.0
-1;32200;INTARIAN_PEPPER_ROOT;11173;10;11170;21;;;11185;10;11188;21;;;11179.0;0.0
-1;32200;ASH_COATED_OSMIUM;9993;12;9990;20;;;10009;12;;;;;10001.0;0.0
-1;32300;ASH_COATED_OSMIUM;9993;10;9990;27;;;10011;27;;;;;10002.0;0.0
-1;32300;INTARIAN_PEPPER_ROOT;11174;12;11172;15;;;11186;12;;;;;11180.0;0.0
-1;32400;INTARIAN_PEPPER_ROOT;11174;8;;;;;;;;;;;11174.0;0.0
-1;32400;ASH_COATED_OSMIUM;9990;28;;;;;10011;28;;;;;10000.5;0.0
-1;32500;ASH_COATED_OSMIUM;9991;29;;;;;10009;15;10012;29;;;10000.0;0.0
-1;32500;INTARIAN_PEPPER_ROOT;11184;4;11175;9;11173;19;11190;19;;;;;11187.0;0.0
-1;32600;INTARIAN_PEPPER_ROOT;11173;19;;;;;11188;8;11190;19;;;11180.5;0.0
-1;32600;ASH_COATED_OSMIUM;9993;14;;;;;10009;14;10012;23;;;10001.0;0.0
-1;32700;ASH_COATED_OSMIUM;9991;21;;;;;10009;11;10012;21;;;10000.0;0.0
-1;32700;INTARIAN_PEPPER_ROOT;;;;;;;;;;;;;150.0;0.0
-1;32800;INTARIAN_PEPPER_ROOT;11177;11;11174;24;;;11189;11;11192;24;;;11183.0;0.0
-1;32800;ASH_COATED_OSMIUM;9993;12;9990;24;;;10009;12;10011;24;;;10001.0;0.0
-1;32900;ASH_COATED_OSMIUM;9991;28;;;;;10009;10;10012;28;;;10000.0;0.0
-1;32900;INTARIAN_PEPPER_ROOT;11177;10;11174;16;;;11189;10;;;;;11183.0;0.0
-1;33000;INTARIAN_PEPPER_ROOT;11178;9;11175;21;;;11190;9;;;;;11184.0;0.0
-1;33000;ASH_COATED_OSMIUM;9993;10;9990;22;;;10002;5;10009;10;10011;22;9997.5;0.0
-1;33100;ASH_COATED_OSMIUM;9992;10;;;;;10008;10;10011;21;;;10000.0;0.0
-1;33100;INTARIAN_PEPPER_ROOT;11175;25;;;;;11190;11;11193;25;;;11182.5;0.0
-1;33200;INTARIAN_PEPPER_ROOT;11179;9;11176;17;;;11191;9;11194;17;;;11185.0;0.0
-1;33200;ASH_COATED_OSMIUM;9993;12;9990;27;;;10009;12;;;;;10001.0;0.0
-1;33300;INTARIAN_PEPPER_ROOT;11188;7;;;;;11191;8;11194;20;;;11189.5;0.0
-1;33300;ASH_COATED_OSMIUM;9993;13;9990;25;;;10009;13;10011;25;;;10001.0;0.0
-1;33400;INTARIAN_PEPPER_ROOT;11180;9;11178;23;;;11195;23;;;;;11187.5;0.0
-1;33400;ASH_COATED_OSMIUM;9992;13;9990;20;;;10008;13;10011;20;;;10000.0;0.0
-1;33500;INTARIAN_PEPPER_ROOT;11180;8;11178;18;;;11195;18;;;;;11187.5;0.0
-1;33500;ASH_COATED_OSMIUM;9993;14;;;;;;;;;;;9993.0;0.0
-1;33600;INTARIAN_PEPPER_ROOT;11181;11;;;;;11188;12;11193;11;;;11184.5;0.0
-1;33600;ASH_COATED_OSMIUM;9993;10;9991;26;;;10009;10;10012;26;;;10001.0;0.0
-1;33700;INTARIAN_PEPPER_ROOT;11182;10;11179;19;;;11194;10;11196;19;;;11188.0;0.0
-1;33700;ASH_COATED_OSMIUM;9991;27;;;;;10009;13;10012;27;;;10000.0;0.0
-1;33800;INTARIAN_PEPPER_ROOT;11182;9;11179;22;;;;;;;;;11182.0;0.0
-1;33800;ASH_COATED_OSMIUM;9993;12;;;;;10012;24;;;;;10002.5;0.0
-1;33900;INTARIAN_PEPPER_ROOT;11180;15;;;;;11195;10;11198;15;;;11187.5;0.0
-1;33900;ASH_COATED_OSMIUM;9993;10;;;;;10009;10;10012;20;;;10001.0;0.0
-1;34000;INTARIAN_PEPPER_ROOT;11183;8;11180;20;;;11195;8;11198;20;;;11189.0;0.0
-1;34000;ASH_COATED_OSMIUM;9994;11;9991;25;;;10010;11;10012;25;;;10002.0;0.0
-1;34100;INTARIAN_PEPPER_ROOT;11184;11;11181;25;;;11196;11;11199;25;;;11190.0;0.0
-1;34100;ASH_COATED_OSMIUM;9994;13;9991;29;;;10010;13;10012;29;;;10002.0;0.0
-1;34200;INTARIAN_PEPPER_ROOT;11184;12;;;;;11196;12;11199;16;;;11190.0;0.0
-1;34200;ASH_COATED_OSMIUM;9994;14;;;;;10010;14;10013;21;;;10002.0;0.0
-1;34300;INTARIAN_PEPPER_ROOT;11182;23;;;;;11196;9;11199;23;;;11189.0;0.0
-1;34300;ASH_COATED_OSMIUM;9994;10;;;;;10010;10;10013;30;;;10002.0;0.0
-1;34400;INTARIAN_PEPPER_ROOT;11183;15;;;;;11200;15;;;;;11191.5;0.0
-1;34400;ASH_COATED_OSMIUM;9994;15;9992;25;;;10010;15;10013;25;;;10002.0;0.0
-1;34500;INTARIAN_PEPPER_ROOT;11185;8;11183;19;;;11198;8;11200;19;;;11191.5;0.0
-1;34500;ASH_COATED_OSMIUM;9994;15;;;;;10010;15;10012;21;;;10002.0;0.0
-1;34600;INTARIAN_PEPPER_ROOT;11187;12;11184;20;;;11199;12;11201;20;;;11193.0;0.0
-1;34600;ASH_COATED_OSMIUM;9994;10;;;;;10010;10;10012;20;;;10002.0;0.0
-1;34700;INTARIAN_PEPPER_ROOT;11187;9;11184;16;;;11199;9;;;;;11193.0;0.0
-1;34700;ASH_COATED_OSMIUM;9994;15;9991;29;;;10010;15;;;;;10002.0;0.0
-1;34800;INTARIAN_PEPPER_ROOT;11188;8;11185;18;;;11200;8;11203;18;;;11194.0;0.0
-1;34800;ASH_COATED_OSMIUM;9994;15;9992;27;;;10010;15;10013;27;;;10002.0;0.0
-1;34900;ASH_COATED_OSMIUM;9994;12;9991;26;;;10010;12;;;;;10002.0;0.0
-1;34900;INTARIAN_PEPPER_ROOT;11188;9;;;;;11200;9;11203;19;;;11194.0;0.0
-1;35000;ASH_COATED_OSMIUM;9994;13;9991;24;;;10010;13;10012;24;;;10002.0;0.0
-1;35000;INTARIAN_PEPPER_ROOT;11188;8;11185;20;;;11200;8;11203;20;;;11194.0;0.0
-1;35100;INTARIAN_PEPPER_ROOT;11189;9;11186;25;;;11204;25;;;;;11196.5;0.0
-1;35100;ASH_COATED_OSMIUM;9994;11;9991;20;;;10010;11;10012;20;;;10002.0;0.0
-1;35200;INTARIAN_PEPPER_ROOT;11189;12;11186;15;;;11204;15;;;;;11196.5;0.0
-1;35200;ASH_COATED_OSMIUM;9994;14;9991;20;;;10012;20;;;;;10003.0;0.0
-1;35300;ASH_COATED_OSMIUM;9991;30;;;;;10010;15;10012;30;;;10000.5;0.0
-1;35300;INTARIAN_PEPPER_ROOT;11188;25;;;;;11202;8;11205;25;;;11195.0;0.0
-1;35400;ASH_COATED_OSMIUM;9994;12;;;;;10010;12;10013;25;;;10002.0;0.0
-1;35400;INTARIAN_PEPPER_ROOT;11188;20;;;;;11205;20;;;;;11196.5;0.0
-1;35500;INTARIAN_PEPPER_ROOT;11191;8;11189;21;;;11204;8;11206;21;;;11197.5;0.0
-1;35500;ASH_COATED_OSMIUM;9992;20;;;;;10010;13;10013;20;;;10001.0;0.0
-1;35600;INTARIAN_PEPPER_ROOT;11189;18;;;;;11204;8;11206;18;;;11196.5;0.0
-1;35600;ASH_COATED_OSMIUM;;;;;;;10011;13;;;;;10011.0;0.0
-1;35700;ASH_COATED_OSMIUM;9994;11;;;;;10010;11;10013;22;;;10002.0;0.0
-1;35700;INTARIAN_PEPPER_ROOT;11201;3;11192;9;;;11204;9;11206;20;;;11202.5;0.0
-1;35800;ASH_COATED_OSMIUM;9994;10;;;;;10010;10;10013;26;;;10002.0;0.0
-1;35800;INTARIAN_PEPPER_ROOT;11193;9;;;;;11195;7;11205;9;11208;19;11194.0;0.0
-1;35900;INTARIAN_PEPPER_ROOT;11193;11;;;;;11205;11;11208;20;;;11199.0;0.0
-1;35900;ASH_COATED_OSMIUM;9995;11;9992;20;;;10011;11;;;;;10003.0;0.0
-1;36000;INTARIAN_PEPPER_ROOT;11194;9;11191;15;;;11206;9;11209;15;;;11200.0;0.0
-1;36000;ASH_COATED_OSMIUM;9992;24;;;;;10010;14;;;;;10001.0;0.0
-1;36100;ASH_COATED_OSMIUM;9995;15;;;;;10011;15;10013;27;;;10003.0;0.0
-1;36100;INTARIAN_PEPPER_ROOT;11194;11;11191;22;;;;;;;;;11194.0;0.0
-1;36200;ASH_COATED_OSMIUM;9995;15;;;;;10011;15;10013;29;;;10003.0;0.0
-1;36200;INTARIAN_PEPPER_ROOT;11191;17;;;;;11209;17;;;;;11200.0;0.0
-1;36300;INTARIAN_PEPPER_ROOT;11195;10;11193;16;;;11207;10;11210;16;;;11201.0;0.0
-1;36300;ASH_COATED_OSMIUM;9995;15;9992;20;;;10011;15;10013;20;;;10003.0;0.0
-1;36400;INTARIAN_PEPPER_ROOT;11195;9;;;;;11210;24;;;;;11202.5;0.0
-1;36400;ASH_COATED_OSMIUM;9995;12;9992;25;;;10013;25;;;;;10004.0;0.0
-1;36500;ASH_COATED_OSMIUM;;;;;;;10013;21;;;;;10013.0;0.0
-1;36500;INTARIAN_PEPPER_ROOT;11196;8;;;;;11209;8;11211;17;;;11202.5;0.0
-1;36600;ASH_COATED_OSMIUM;9994;15;9991;23;;;10010;15;10012;23;;;10002.0;0.0
-1;36600;INTARIAN_PEPPER_ROOT;11194;19;;;;;11209;10;;;;;11201.5;0.0
-1;36700;INTARIAN_PEPPER_ROOT;11198;11;11195;20;;;11210;11;11212;20;;;11204.0;0.0
-1;36700;ASH_COATED_OSMIUM;9994;12;9992;27;;;10010;12;10013;27;;;10002.0;0.0
-1;36800;INTARIAN_PEPPER_ROOT;11198;11;11195;15;;;11210;11;11213;15;;;11204.0;0.0
-1;36800;ASH_COATED_OSMIUM;9992;21;;;;;10013;21;;;;;10002.5;0.0
-1;36900;ASH_COATED_OSMIUM;9995;11;9992;23;;;10011;11;10013;23;;;10003.0;0.0
-1;36900;INTARIAN_PEPPER_ROOT;11198;10;11195;17;;;11210;10;;;;;11204.0;0.0
-1;37000;ASH_COATED_OSMIUM;9992;28;;;;;10013;28;;;;;10002.5;0.0
-1;37000;INTARIAN_PEPPER_ROOT;11199;9;11196;22;;;11211;9;11214;22;;;11205.0;0.0
-1;37100;INTARIAN_PEPPER_ROOT;11196;25;;;;;11211;11;;;;;11203.5;0.0
-1;37100;ASH_COATED_OSMIUM;9995;14;9992;23;;;10011;14;;;;;10003.0;0.0
-1;37200;INTARIAN_PEPPER_ROOT;;;;;;;11212;10;;;;;11212.0;0.0
-1;37200;ASH_COATED_OSMIUM;9995;15;9993;24;;;10011;15;10014;24;;;10003.0;0.0
-1;37300;ASH_COATED_OSMIUM;9993;29;;;;;10011;11;10014;29;;;10002.0;0.0
-1;37300;INTARIAN_PEPPER_ROOT;11198;23;;;;;11212;11;;;;;11205.0;0.0
-1;37400;ASH_COATED_OSMIUM;9995;14;9993;20;;;10011;14;10014;20;;;10003.0;0.0
-1;37400;INTARIAN_PEPPER_ROOT;11201;11;;;;;11213;11;;;;;11207.0;0.0
-1;37500;INTARIAN_PEPPER_ROOT;11201;9;11199;24;;;11214;9;11216;24;;;11207.5;0.0
-1;37500;ASH_COATED_OSMIUM;9995;15;9993;22;;;10014;22;;;;;10004.5;0.0
-1;37600;INTARIAN_PEPPER_ROOT;11202;10;11199;22;;;11214;10;11216;22;;;11208.0;0.0
-1;37600;ASH_COATED_OSMIUM;;;;;;;10011;12;;;;;10011.0;0.0
-1;37700;INTARIAN_PEPPER_ROOT;11203;12;;;;;11217;17;;;;;11210.0;0.0
-1;37700;ASH_COATED_OSMIUM;9996;12;9993;21;;;10012;12;10014;21;;;10004.0;0.0
-1;37800;INTARIAN_PEPPER_ROOT;11203;8;11200;23;;;11218;23;;;;;11210.5;0.0
-1;37800;ASH_COATED_OSMIUM;10005;8;9996;11;9993;25;10014;25;;;;;10009.5;0.0
-1;37900;INTARIAN_PEPPER_ROOT;11201;25;;;;;11216;9;11219;25;;;11208.5;0.0
-1;37900;ASH_COATED_OSMIUM;9996;11;9993;27;;;10012;11;10014;27;;;10004.0;0.0
-1;38000;INTARIAN_PEPPER_ROOT;11204;11;11201;23;;;11216;11;11219;23;;;11210.0;0.0
-1;38000;ASH_COATED_OSMIUM;9996;13;9994;24;;;10012;13;10015;24;;;10004.0;0.0
-1;38100;INTARIAN_PEPPER_ROOT;11204;12;;;;;11212;9;11216;12;11219;23;11208.0;0.0
-1;38100;ASH_COATED_OSMIUM;9993;27;;;;;10014;27;;;;;10003.5;0.0
-1;38200;INTARIAN_PEPPER_ROOT;11205;8;11202;15;;;11217;8;11220;15;;;11211.0;0.0
-1;38200;ASH_COATED_OSMIUM;9993;29;;;;;10012;14;;;;;10002.5;0.0
-1;38300;INTARIAN_PEPPER_ROOT;11205;9;11203;21;;;11217;9;11220;21;;;11211.0;0.0
-1;38300;ASH_COATED_OSMIUM;9993;25;;;;;10012;14;10014;25;;;10002.5;0.0
-1;38400;INTARIAN_PEPPER_ROOT;11206;11;11204;23;;;11209;8;11218;11;11221;23;11207.5;0.0
-1;38400;ASH_COATED_OSMIUM;9996;11;9993;25;;;10012;11;10014;25;;;10004.0;0.0
-1;38500;INTARIAN_PEPPER_ROOT;;;;;;;11221;15;;;;;11221.0;0.0
-1;38500;ASH_COATED_OSMIUM;9995;13;9993;22;;;10011;13;10014;22;;;10003.0;0.0
-1;38600;INTARIAN_PEPPER_ROOT;11208;8;11205;23;;;11222;23;;;;;11215.0;0.0
-1;38600;ASH_COATED_OSMIUM;9996;10;;;;;10012;10;10014;29;;;10004.0;0.0
-1;38700;INTARIAN_PEPPER_ROOT;11208;12;11205;16;;;11220;12;11222;16;;;11214.0;0.0
-1;38700;ASH_COATED_OSMIUM;9995;10;9993;26;;;10011;10;10014;26;;;10003.0;0.0
-1;38800;INTARIAN_PEPPER_ROOT;11208;9;;;;;11220;9;;;;;11214.0;0.0
-1;38800;ASH_COATED_OSMIUM;9996;15;;;;;10012;15;10014;21;;;10004.0;0.0
-1;38900;INTARIAN_PEPPER_ROOT;11209;10;11206;16;;;11221;10;11224;16;;;11215.0;0.0
-1;38900;ASH_COATED_OSMIUM;9992;21;;;;;10011;15;10013;21;;;10001.5;0.0
-1;39000;INTARIAN_PEPPER_ROOT;11206;23;;;;;11221;8;;;;;11213.5;0.0
-1;39000;ASH_COATED_OSMIUM;9992;29;;;;;10011;11;;;;;10001.5;0.0
-1;39100;INTARIAN_PEPPER_ROOT;11210;11;11207;25;;;11222;11;11225;25;;;11216.0;0.0
-1;39100;ASH_COATED_OSMIUM;9995;10;9992;21;;;10011;10;10013;21;;;10003.0;0.0
-1;39200;INTARIAN_PEPPER_ROOT;11210;12;;;;;11222;12;11225;23;;;11216.0;0.0
-1;39200;ASH_COATED_OSMIUM;9995;13;;;;;;;;;;;9995.0;0.0
-1;39300;ASH_COATED_OSMIUM;9993;21;;;;;10011;12;10014;21;;;10002.0;0.0
-1;39300;INTARIAN_PEPPER_ROOT;11210;9;11208;21;;;11222;9;;;;;11216.0;0.0
-1;39400;INTARIAN_PEPPER_ROOT;11211;8;;;;;11223;8;;;;;11217.0;0.0
-1;39400;ASH_COATED_OSMIUM;9995;14;9992;25;;;10011;14;;;;;10003.0;0.0
-1;39500;ASH_COATED_OSMIUM;9995;13;;;;;10011;13;10013;23;;;10003.0;0.0
-1;39500;INTARIAN_PEPPER_ROOT;11211;10;11209;24;;;;;;;;;11211.0;0.0
-1;39600;INTARIAN_PEPPER_ROOT;11213;8;11210;24;;;11225;8;11227;24;;;11219.0;0.0
-1;39600;ASH_COATED_OSMIUM;9995;14;;;;;10011;14;10013;28;;;10003.0;0.0
-1;39700;ASH_COATED_OSMIUM;9995;14;9992;20;;;10011;14;10013;20;;;10003.0;0.0
-1;39700;INTARIAN_PEPPER_ROOT;11213;8;11210;16;;;11225;8;11227;16;;;11219.0;0.0
-1;39800;INTARIAN_PEPPER_ROOT;11214;11;;;;;11226;11;;;;;11220.0;0.0
-1;39800;ASH_COATED_OSMIUM;9995;10;;;;;10011;10;10013;26;;;10003.0;0.0
-1;39900;ASH_COATED_OSMIUM;9992;24;;;;;10013;24;;;;;10002.5;0.0
-1;39900;INTARIAN_PEPPER_ROOT;11214;11;11211;23;;;11226;11;11229;23;;;11220.0;0.0
-1;40000;INTARIAN_PEPPER_ROOT;11214;10;11211;19;;;11226;10;;;;;11220.0;0.0
-1;40000;ASH_COATED_OSMIUM;9995;15;9992;29;;;10011;15;10013;29;;;10003.0;0.0
-1;40100;ASH_COATED_OSMIUM;9995;14;9992;30;;;10011;14;;;;;10003.0;0.0
-1;40100;INTARIAN_PEPPER_ROOT;11212;17;;;;;11230;17;;;;;11221.0;0.0
-1;40200;INTARIAN_PEPPER_ROOT;11215;8;11212;19;;;11230;19;;;;;11222.5;0.0
-1;40200;ASH_COATED_OSMIUM;9994;13;;;;;10010;13;10013;20;;;10002.0;0.0
-1;40300;ASH_COATED_OSMIUM;9995;10;9992;30;;;10011;10;;;;;10003.0;0.0
-1;40300;INTARIAN_PEPPER_ROOT;11216;9;;;;;11228;9;11231;22;;;11222.0;0.0
-1;40400;INTARIAN_PEPPER_ROOT;11216;8;11214;19;;;11228;8;11231;19;;;11222.0;0.0
-1;40400;ASH_COATED_OSMIUM;9992;22;;;;;10011;10;10013;22;;;10001.5;0.0
-1;40500;ASH_COATED_OSMIUM;9994;14;9991;20;;;10010;14;10012;20;;;10002.0;0.0
-1;40500;INTARIAN_PEPPER_ROOT;11214;17;;;;;11229;9;11231;17;;;11221.5;0.0
-1;40600;INTARIAN_PEPPER_ROOT;11218;11;11215;18;;;11230;11;;;;;11224.0;0.0
-1;40600;ASH_COATED_OSMIUM;9994;15;;;;;10010;15;10012;27;;;10002.0;0.0
-1;40700;ASH_COATED_OSMIUM;9994;10;9992;20;;;10010;10;;;;;10002.0;0.0
-1;40700;INTARIAN_PEPPER_ROOT;11218;8;;;;;11232;18;;;;;11225.0;0.0
-1;40800;INTARIAN_PEPPER_ROOT;11219;11;;;;;11231;11;11234;25;;;11225.0;0.0
-1;40800;ASH_COATED_OSMIUM;9994;12;;;;;10010;12;10012;24;;;10002.0;0.0
-1;40900;ASH_COATED_OSMIUM;9991;20;;;;;10012;20;;;;;10001.5;0.0
-1;40900;INTARIAN_PEPPER_ROOT;11219;8;11216;17;;;11234;17;;;;;11226.5;0.0
-1;41000;INTARIAN_PEPPER_ROOT;11217;23;;;;;11232;11;11235;23;;;11224.5;0.0
-1;41000;ASH_COATED_OSMIUM;9993;13;;;;;10009;13;10012;27;;;10001.0;0.0
-1;41100;ASH_COATED_OSMIUM;9993;13;9991;21;;;10009;13;10012;21;;;10001.0;0.0
-1;41100;INTARIAN_PEPPER_ROOT;11220;9;;;;;11232;9;11235;18;;;11226.0;0.0
-1;41200;INTARIAN_PEPPER_ROOT;11220;9;;;;;11232;9;11235;16;;;11226.0;0.0
-1;41200;ASH_COATED_OSMIUM;;;;;;;10012;26;;;;;10012.0;0.0
-1;41300;ASH_COATED_OSMIUM;9993;10;9991;27;;;10009;10;10012;27;;;10001.0;0.0
-1;41300;INTARIAN_PEPPER_ROOT;11221;8;11219;25;;;11233;8;11236;25;;;11227.0;0.0
-1;41400;INTARIAN_PEPPER_ROOT;11221;9;;;;;11233;9;11236;24;;;11227.0;0.0
-1;41400;ASH_COATED_OSMIUM;9993;15;9991;26;;;10009;15;;;;;10001.0;0.0
-1;41500;ASH_COATED_OSMIUM;9993;12;9990;20;;;10009;12;10011;20;;;10001.0;0.0
-1;41500;INTARIAN_PEPPER_ROOT;11222;10;11220;24;;;;;;;;;11222.0;0.0
-1;41600;INTARIAN_PEPPER_ROOT;11223;11;11220;17;;;11235;11;;;;;11229.0;0.0
-1;41600;ASH_COATED_OSMIUM;9992;10;9990;29;;;10008;10;10011;29;;;10000.0;0.0
-1;41700;ASH_COATED_OSMIUM;9989;22;;;;;10010;22;;;;;9999.5;0.0
-1;41700;INTARIAN_PEPPER_ROOT;11232;5;11223;10;11220;23;11235;10;11237;23;;;11233.5;0.0
-1;41800;INTARIAN_PEPPER_ROOT;11224;12;11221;20;;;11236;12;11239;20;;;11230.0;0.0
-1;41800;ASH_COATED_OSMIUM;10001;5;9992;12;9989;22;10008;12;10010;22;;;10004.5;0.0
-1;41900;ASH_COATED_OSMIUM;9989;24;;;;;10008;12;;;;;9998.5;0.0
-1;41900;INTARIAN_PEPPER_ROOT;11221;20;;;;;11236;12;11239;20;;;11228.5;0.0
-1;42000;INTARIAN_PEPPER_ROOT;11225;8;11222;23;;;11227;8;11233;10;11237;8;11226.0;0.0
-1;42000;ASH_COATED_OSMIUM;9990;28;;;;;10008;10;10011;28;;;9999.0;0.0
-1;42100;ASH_COATED_OSMIUM;9992;12;9990;23;;;10008;12;10011;23;;;10000.0;0.0
-1;42100;INTARIAN_PEPPER_ROOT;11225;12;11222;16;;;11237;12;11240;16;;;11231.0;0.0
-1;42200;INTARIAN_PEPPER_ROOT;11222;23;;;;;11237;8;11240;23;;;11229.5;0.0
-1;42200;ASH_COATED_OSMIUM;9992;12;;;;;10008;12;10011;20;;;10000.0;0.0
-1;42300;INTARIAN_PEPPER_ROOT;11224;15;;;;;11238;11;11241;15;;;11231.0;0.0
-1;42300;ASH_COATED_OSMIUM;9989;21;;;;;10008;13;10010;21;;;9998.5;0.0
-1;42400;INTARIAN_PEPPER_ROOT;11226;12;11224;25;;;11238;12;;;;;11232.0;0.0
-1;42400;ASH_COATED_OSMIUM;9992;12;;;;;;;;;;;9992.0;0.0
-1;42500;INTARIAN_PEPPER_ROOT;;;;;;;11240;8;;;;;11240.0;0.0
-1;42500;ASH_COATED_OSMIUM;9997;4;9991;11;9989;28;10007;11;10010;28;;;10002.0;0.0
-1;42600;INTARIAN_PEPPER_ROOT;11225;24;;;;;11240;9;11242;24;;;11232.5;0.0
-1;42600;ASH_COATED_OSMIUM;9991;15;9988;27;;;10007;15;10009;27;;;9999.0;0.0
-1;42700;INTARIAN_PEPPER_ROOT;11225;22;;;;;11240;9;;;;;11232.5;0.0
-1;42700;ASH_COATED_OSMIUM;9989;25;;;;;10007;12;10009;25;;;9998.0;0.0
-1;42800;INTARIAN_PEPPER_ROOT;11229;9;11226;21;;;11244;21;;;;;11236.5;0.0
-1;42800;ASH_COATED_OSMIUM;9992;15;9989;24;;;10008;15;10010;24;;;10000.0;0.0
-1;42900;INTARIAN_PEPPER_ROOT;11229;10;11226;23;;;11241;10;11244;23;;;11235.0;0.0
-1;42900;ASH_COATED_OSMIUM;9990;23;;;;;10008;11;10011;23;;;9999.0;0.0
-1;43000;INTARIAN_PEPPER_ROOT;11227;15;;;;;11232;8;11242;10;11245;15;11229.5;0.0
-1;43000;ASH_COATED_OSMIUM;9990;29;;;;;10002;3;;;;;9996.0;0.0
-1;43100;INTARIAN_PEPPER_ROOT;11230;10;11227;22;;;11242;10;11245;22;;;11236.0;0.0
-1;43100;ASH_COATED_OSMIUM;9992;14;9990;22;;;10008;14;10011;22;;;10000.0;0.0
-1;43200;INTARIAN_PEPPER_ROOT;;;;;;;11242;11;11245;25;;;11242.0;0.0
-1;43200;ASH_COATED_OSMIUM;9993;10;9990;25;;;10009;10;10011;25;;;10001.0;0.0
-1;43300;INTARIAN_PEPPER_ROOT;11231;10;11229;16;;;11246;16;;;;;11238.5;0.0
-1;43300;ASH_COATED_OSMIUM;9993;12;9990;27;;;10009;12;10011;27;;;10001.0;0.0
-1;43400;INTARIAN_PEPPER_ROOT;11231;9;11229;21;;;11243;9;11246;21;;;11237.0;0.0
-1;43400;ASH_COATED_OSMIUM;9992;13;9990;27;;;10008;13;;;;;10000.0;0.0
-1;43500;INTARIAN_PEPPER_ROOT;11232;11;11230;17;;;11245;11;11247;17;;;11238.5;0.0
-1;43500;ASH_COATED_OSMIUM;9992;12;9990;23;;;10008;12;10011;23;;;10000.0;0.0
-1;43600;INTARIAN_PEPPER_ROOT;11233;11;11230;17;;;11245;11;11247;17;;;11239.0;0.0
-1;43600;ASH_COATED_OSMIUM;9989;27;;;;;10008;14;;;;;9998.5;0.0
-1;43700;INTARIAN_PEPPER_ROOT;11233;9;;;;;11245;9;11247;22;;;11239.0;0.0
-1;43700;ASH_COATED_OSMIUM;9992;10;9989;26;;;10008;10;10010;26;;;10000.0;0.0
-1;43800;INTARIAN_PEPPER_ROOT;11234;12;;;;;11246;12;11249;19;;;11240.0;0.0
-1;43800;ASH_COATED_OSMIUM;;;;;;;10008;11;10010;30;;;10008.0;0.0
-1;43900;ASH_COATED_OSMIUM;9992;13;9989;26;;;10008;13;10010;26;;;10000.0;0.0
-1;43900;INTARIAN_PEPPER_ROOT;11234;9;11231;19;;;11246;9;11249;19;;;11240.0;0.0
-1;44000;ASH_COATED_OSMIUM;;;;;;;10010;22;;;;;10010.0;0.0
-1;44000;INTARIAN_PEPPER_ROOT;11235;9;11232;25;;;11247;9;11250;25;;;11241.0;0.0
-1;44100;INTARIAN_PEPPER_ROOT;11235;10;11232;18;;;11247;10;;;;;11241.0;0.0
-1;44100;ASH_COATED_OSMIUM;9991;11;9988;28;;;10009;28;;;;;10000.0;0.0
-1;44200;INTARIAN_PEPPER_ROOT;11236;9;11233;18;;;11248;9;11251;18;;;11242.0;0.0
-1;44200;ASH_COATED_OSMIUM;9990;12;9988;22;;;9996;8;10006;12;10009;22;9993.0;0.0
-1;44300;ASH_COATED_OSMIUM;9991;10;9988;25;;;10009;25;;;;;10000.0;0.0
-1;44300;INTARIAN_PEPPER_ROOT;11236;11;11234;24;;;11251;24;;;;;11243.5;0.0
-1;44400;ASH_COATED_OSMIUM;9991;11;9988;27;;;10007;11;10009;27;;;9999.0;0.0
-1;44400;INTARIAN_PEPPER_ROOT;11234;21;;;;;11244;11;;;;;11239.0;0.0
-1;44500;INTARIAN_PEPPER_ROOT;11237;8;11235;24;;;11250;8;11252;24;;;11243.5;0.0
-1;44500;ASH_COATED_OSMIUM;9991;10;;;;;10007;10;10009;30;;;9999.0;0.0
-1;44600;INTARIAN_PEPPER_ROOT;11235;23;;;;;11250;8;11252;23;;;11242.5;0.0
-1;44600;ASH_COATED_OSMIUM;9991;12;;;;;10010;26;;;;;10000.5;0.0
-1;44700;ASH_COATED_OSMIUM;9992;12;9989;28;;;10008;12;;;;;10000.0;0.0
-1;44700;INTARIAN_PEPPER_ROOT;11239;11;11236;22;;;11241;8;11251;11;11253;22;11240.0;0.0
-1;44800;ASH_COATED_OSMIUM;9991;14;9989;21;;;9997;8;10007;14;10010;21;9994.0;0.0
-1;44800;INTARIAN_PEPPER_ROOT;11239;8;11236;25;;;;;;;;;11239.0;0.0
-1;44900;INTARIAN_PEPPER_ROOT;11239;12;11236;23;;;11251;12;;;;;11245.0;0.0
-1;44900;ASH_COATED_OSMIUM;9991;14;;;;;10007;14;10010;24;;;9999.0;0.0
-1;45000;INTARIAN_PEPPER_ROOT;11240;12;11237;22;;;11252;12;;;;;11246.0;0.0
-1;45000;ASH_COATED_OSMIUM;9991;15;9989;21;;;10007;15;10010;21;;;9999.0;0.0
-1;45100;ASH_COATED_OSMIUM;9991;13;9989;22;;;10007;13;10010;22;;;9999.0;0.0
-1;45100;INTARIAN_PEPPER_ROOT;11240;11;11237;24;;;11252;11;;;;;11246.0;0.0
-1;45200;ASH_COATED_OSMIUM;9992;10;9989;29;;;9997;6;10010;29;;;9994.5;0.0
-1;45200;INTARIAN_PEPPER_ROOT;11241;10;;;;;;;;;;;11241.0;0.0
-1;45300;INTARIAN_PEPPER_ROOT;11239;20;;;;;;;;;;;11239.0;0.0
-1;45300;ASH_COATED_OSMIUM;9992;11;;;;;;;;;;;9992.0;0.0
-1;45400;INTARIAN_PEPPER_ROOT;11241;12;11239;24;;;11253;12;11256;24;;;11247.0;0.0
-1;45400;ASH_COATED_OSMIUM;9992;12;9989;22;;;10008;12;10010;22;;;10000.0;0.0
-1;45500;ASH_COATED_OSMIUM;9992;11;9989;28;;;10008;11;10010;28;;;10000.0;0.0
-1;45500;INTARIAN_PEPPER_ROOT;11242;11;;;;;11255;11;;;;;11248.5;0.0
-1;45600;ASH_COATED_OSMIUM;9992;14;9989;25;;;10008;14;10010;25;;;10000.0;0.0
-1;45600;INTARIAN_PEPPER_ROOT;11240;22;;;;;11257;22;;;;;11248.5;0.0
-1;45700;INTARIAN_PEPPER_ROOT;11243;8;11240;25;;;11255;8;;;;;11249.0;0.0
-1;45700;ASH_COATED_OSMIUM;9992;12;9989;28;;;10008;12;;;;;10000.0;0.0
-1;45800;INTARIAN_PEPPER_ROOT;11244;8;;;;;11259;17;;;;;11251.5;0.0
-1;45800;ASH_COATED_OSMIUM;9991;14;9989;23;;;10007;14;;;;;9999.0;0.0
-1;45900;ASH_COATED_OSMIUM;9991;14;;;;;10010;26;;;;;10000.5;0.0
-1;45900;INTARIAN_PEPPER_ROOT;11244;8;;;;;11256;8;11259;16;;;11250.0;0.0
-1;46000;ASH_COATED_OSMIUM;9989;29;;;;;;;;;;;9989.0;0.0
-1;46000;INTARIAN_PEPPER_ROOT;11245;11;11242;20;;;11257;11;;;;;11251.0;0.0
-1;46100;INTARIAN_PEPPER_ROOT;11245;9;;;;;11257;9;11260;23;;;11251.0;0.0
-1;46100;ASH_COATED_OSMIUM;9988;25;;;;;10007;10;10009;25;;;9997.5;0.0
-1;46200;INTARIAN_PEPPER_ROOT;11245;8;;;;;11257;8;;;;;11251.0;0.0
-1;46200;ASH_COATED_OSMIUM;9991;10;9988;20;;;10007;10;10009;20;;;9999.0;0.0
-1;46300;ASH_COATED_OSMIUM;9991;11;;;;;10000;2;10009;27;;;9995.5;0.0
-1;46300;INTARIAN_PEPPER_ROOT;11246;12;11244;23;;;11258;12;11261;23;;;11252.0;0.0
-1;46400;ASH_COATED_OSMIUM;9989;23;;;;;10007;15;10010;23;;;9998.0;0.0
-1;46400;INTARIAN_PEPPER_ROOT;11246;12;;;;;11258;12;11261;16;;;11252.0;0.0
-1;46500;INTARIAN_PEPPER_ROOT;11247;9;11245;17;;;11260;9;11262;17;;;11253.5;0.0
-1;46500;ASH_COATED_OSMIUM;10001;9;9991;13;9989;20;10010;20;;;;;10005.5;0.0
-1;46600;INTARIAN_PEPPER_ROOT;11248;8;11245;22;;;;;;;;;11248.0;0.0
-1;46600;ASH_COATED_OSMIUM;9992;11;9989;21;;;10008;11;10010;21;;;10000.0;0.0
-1;46700;INTARIAN_PEPPER_ROOT;11245;19;;;;;11260;9;;;;;11252.5;0.0
-1;46700;ASH_COATED_OSMIUM;9992;14;9989;27;;;10008;14;;;;;10000.0;0.0
-1;46800;INTARIAN_PEPPER_ROOT;11249;11;11246;24;;;11251;8;11261;11;11264;24;11250.0;0.0
-1;46800;ASH_COATED_OSMIUM;9992;13;9990;28;;;10008;13;10011;28;;;10000.0;0.0
-1;46900;INTARIAN_PEPPER_ROOT;11249;9;11246;20;;;11261;9;;;;;11255.0;0.0
-1;46900;ASH_COATED_OSMIUM;9990;24;;;;;10008;14;10011;24;;;9999.0;0.0
-1;47000;INTARIAN_PEPPER_ROOT;11247;19;;;;;11262;8;11265;19;;;11254.5;0.0
-1;47000;ASH_COATED_OSMIUM;9992;15;9989;26;;;10001;2;10008;15;10010;26;9996.5;0.0
-1;47100;INTARIAN_PEPPER_ROOT;11250;10;11247;22;;;11262;10;11265;22;;;11256.0;0.0
-1;47100;ASH_COATED_OSMIUM;9997;3;9992;15;9989;28;10008;15;10010;28;;;10002.5;0.0
-1;47200;INTARIAN_PEPPER_ROOT;11250;9;11247;18;;;11262;9;11265;18;;;11256.0;0.0
-1;47200;ASH_COATED_OSMIUM;9992;10;;;;;10008;10;10010;23;;;10000.0;0.0
-1;47300;INTARIAN_PEPPER_ROOT;11251;12;11249;16;;;11263;12;11266;16;;;11257.0;0.0
-1;47300;ASH_COATED_OSMIUM;9998;3;9992;15;;;10008;15;10011;29;;;10003.0;0.0
-1;47400;INTARIAN_PEPPER_ROOT;11251;9;11249;24;;;11263;9;11266;24;;;11257.0;0.0
-1;47400;ASH_COATED_OSMIUM;9992;11;;;;;10008;11;10011;28;;;10000.0;0.0
-1;47500;INTARIAN_PEPPER_ROOT;11252;10;11250;17;;;11265;10;11267;17;;;11258.5;0.0
-1;47500;ASH_COATED_OSMIUM;9993;11;9990;21;;;;;;;;;9993.0;0.0
-1;47600;INTARIAN_PEPPER_ROOT;11253;11;11250;17;;;11265;11;11267;17;;;11259.0;0.0
-1;47600;ASH_COATED_OSMIUM;9993;13;9991;29;;;10009;13;;;;;10001.0;0.0
-1;47700;INTARIAN_PEPPER_ROOT;11253;8;;;;;11267;24;;;;;11260.0;0.0
-1;47700;ASH_COATED_OSMIUM;9993;10;9991;23;;;10009;10;10012;23;;;10001.0;0.0
-1;47800;INTARIAN_PEPPER_ROOT;11254;8;11251;18;;;11266;8;11269;18;;;11260.0;0.0
-1;47800;ASH_COATED_OSMIUM;9993;15;9990;27;;;10009;15;10011;27;;;10001.0;0.0
-1;47900;INTARIAN_PEPPER_ROOT;11251;21;;;;;11266;8;11269;21;;;11258.5;0.0
-1;47900;ASH_COATED_OSMIUM;9993;13;9991;24;;;10009;13;10012;24;;;10001.0;0.0
-1;48000;INTARIAN_PEPPER_ROOT;11255;8;11252;18;;;11270;18;;;;;11262.5;0.0
-1;48000;ASH_COATED_OSMIUM;9993;13;9991;28;;;10009;13;10012;28;;;10001.0;0.0
-1;48100;ASH_COATED_OSMIUM;9991;21;;;;;10009;10;10012;21;;;10000.0;0.0
-1;48100;INTARIAN_PEPPER_ROOT;11264;7;11255;9;;;11270;23;;;;;11267.0;0.0
-1;48200;INTARIAN_PEPPER_ROOT;11255;10;11252;19;;;11267;10;11270;19;;;11261.0;0.0
-1;48200;ASH_COATED_OSMIUM;9990;25;;;;;10009;12;10011;25;;;9999.5;0.0
-1;48300;ASH_COATED_OSMIUM;9993;11;9990;24;;;10009;11;10011;24;;;10001.0;0.0
-1;48300;INTARIAN_PEPPER_ROOT;11256;8;11254;16;;;11268;8;11271;16;;;11262.0;0.0
-1;48400;INTARIAN_PEPPER_ROOT;11254;20;;;;;11268;11;;;;;11261.0;0.0
-1;48400;ASH_COATED_OSMIUM;9993;13;9991;23;;;10009;13;10012;23;;;10001.0;0.0
-1;48500;ASH_COATED_OSMIUM;9994;15;9991;29;;;10012;29;;;;;10003.0;0.0
-1;48500;INTARIAN_PEPPER_ROOT;11256;8;11254;16;;;11269;8;11271;16;;;11262.5;0.0
-1;48600;INTARIAN_PEPPER_ROOT;11258;10;11255;25;;;11270;10;;;;;11264.0;0.0
-1;48600;ASH_COATED_OSMIUM;9994;10;9991;22;;;10010;10;10012;22;;;10002.0;0.0
-1;48700;ASH_COATED_OSMIUM;9994;11;9991;27;;;10010;11;10012;27;;;10002.0;0.0
-1;48700;INTARIAN_PEPPER_ROOT;11258;12;11255;17;;;11270;12;11272;17;;;11264.0;0.0
-1;48800;INTARIAN_PEPPER_ROOT;11259;11;11256;16;;;11271;11;11274;16;;;11265.0;0.0
-1;48800;ASH_COATED_OSMIUM;9994;14;9991;21;;;10010;14;10012;21;;;10002.0;0.0
-1;48900;ASH_COATED_OSMIUM;9994;11;9991;24;;;10010;11;10012;24;;;10002.0;0.0
-1;48900;INTARIAN_PEPPER_ROOT;11259;8;11256;23;;;11271;8;11274;23;;;11265.0;0.0
-1;49000;INTARIAN_PEPPER_ROOT;11259;9;11256;17;;;11271;9;11274;17;;;11265.0;0.0
-1;49000;ASH_COATED_OSMIUM;9994;13;9992;22;;;10010;13;10013;22;;;10002.0;0.0
-1;49100;ASH_COATED_OSMIUM;;;;;;;10010;13;10012;30;;;10010.0;0.0
-1;49100;INTARIAN_PEPPER_ROOT;11260;10;11257;21;;;11272;10;;;;;11266.0;0.0
-1;49200;INTARIAN_PEPPER_ROOT;11257;18;;;;;11272;8;11275;18;;;11264.5;0.0
-1;49200;ASH_COATED_OSMIUM;9993;15;9991;29;;;10009;15;10012;29;;;10001.0;0.0
-1;49300;ASH_COATED_OSMIUM;9994;12;9991;30;;;10010;12;10012;30;;;10002.0;0.0
-1;49300;INTARIAN_PEPPER_ROOT;11261;12;11259;18;;;11273;12;11276;18;;;11267.0;0.0
-1;49400;INTARIAN_PEPPER_ROOT;11261;8;11259;23;;;11276;23;;;;;11268.5;0.0
-1;49400;ASH_COATED_OSMIUM;10003;9;9991;21;;;10010;15;10012;21;;;10006.5;0.0
-1;49500;ASH_COATED_OSMIUM;9993;10;9991;21;;;10012;21;;;;;10002.5;0.0
-1;49500;INTARIAN_PEPPER_ROOT;11261;12;;;;;11274;12;11276;18;;;11267.5;0.0
-1;49600;INTARIAN_PEPPER_ROOT;11263;9;11260;17;;;11275;9;11277;17;;;11269.0;0.0
-1;49600;ASH_COATED_OSMIUM;;;;;;;10012;21;;;;;10012.0;0.0
-1;49700;ASH_COATED_OSMIUM;9993;14;;;;;10009;14;10012;29;;;10001.0;0.0
-1;49700;INTARIAN_PEPPER_ROOT;11263;8;11260;19;;;11277;19;;;;;11270.0;0.0
-1;49800;INTARIAN_PEPPER_ROOT;;;;;;;11275;9;;;;;11275.0;0.0
-1;49800;ASH_COATED_OSMIUM;9993;12;9990;21;;;10009;12;;;;;10001.0;0.0
-1;49900;ASH_COATED_OSMIUM;9993;10;;;;;10009;10;10011;27;;;10001.0;0.0
-1;49900;INTARIAN_PEPPER_ROOT;11264;8;;;;;;;;;;;11264.0;0.0
-1;50000;INTARIAN_PEPPER_ROOT;11264;10;11261;22;;;11276;10;11279;22;;;11270.0;0.0
-1;50000;ASH_COATED_OSMIUM;9992;15;9990;21;;;10008;15;10011;21;;;10000.0;0.0
-1;50100;ASH_COATED_OSMIUM;9992;10;9990;24;;;10011;24;;;;;10001.5;0.0
-1;50100;INTARIAN_PEPPER_ROOT;11265;9;;;;;11280;15;;;;;11272.5;0.0
-1;50200;INTARIAN_PEPPER_ROOT;11265;8;11262;22;;;11277;8;11280;22;;;11271.0;0.0
-1;50200;ASH_COATED_OSMIUM;9993;10;9990;25;;;10011;25;;;;;10002.0;0.0
-1;50300;ASH_COATED_OSMIUM;9990;25;;;;;10008;15;10011;25;;;9999.0;0.0
-1;50300;INTARIAN_PEPPER_ROOT;11265;8;11263;19;;;11277;8;11280;19;;;11271.0;0.0
-1;50400;INTARIAN_PEPPER_ROOT;11266;9;11264;20;;;11281;20;;;;;11273.5;0.0
-1;50400;ASH_COATED_OSMIUM;9992;13;;;;;10008;13;10011;22;;;10000.0;0.0
-1;50500;ASH_COATED_OSMIUM;9992;10;9989;20;;;10008;10;10010;20;;;10000.0;0.0
-1;50500;INTARIAN_PEPPER_ROOT;11266;9;11264;24;;;11279;9;11281;24;;;11272.5;0.0
-1;50600;INTARIAN_PEPPER_ROOT;11265;15;;;;;11280;8;11282;15;;;11272.5;0.0
-1;50600;ASH_COATED_OSMIUM;9991;14;9989;23;;;10007;14;;;;;9999.0;0.0
-1;50700;ASH_COATED_OSMIUM;9991;11;9988;21;;;10009;21;;;;;10000.0;0.0
-1;50700;INTARIAN_PEPPER_ROOT;11268;9;11265;15;;;11280;9;;;;;11274.0;0.0
-1;50800;INTARIAN_PEPPER_ROOT;;;;;;;11283;15;;;;;11283.0;0.0
-1;50800;ASH_COATED_OSMIUM;9991;15;9988;29;;;10007;15;10009;29;;;9999.0;0.0
-1;50900;ASH_COATED_OSMIUM;9990;14;;;;;10009;22;;;;;9999.5;0.0
-1;50900;INTARIAN_PEPPER_ROOT;11269;9;11266;19;;;11281;9;11284;19;;;11275.0;0.0
-1;51000;INTARIAN_PEPPER_ROOT;11269;11;11266;21;;;11281;11;11284;21;;;11275.0;0.0
-1;51000;ASH_COATED_OSMIUM;9996;3;9990;11;9988;30;10009;30;;;;;10002.5;0.0
-1;51100;INTARIAN_PEPPER_ROOT;11269;11;11266;17;;;;;;;;;11269.0;0.0
-1;51100;ASH_COATED_OSMIUM;9988;26;;;;;10009;26;;;;;9998.5;0.0
-1;51200;INTARIAN_PEPPER_ROOT;11270;9;11267;22;;;11285;22;;;;;11277.5;0.0
-1;51200;ASH_COATED_OSMIUM;9988;30;;;;;10006;12;10009;30;;;9997.0;0.0
-1;51300;INTARIAN_PEPPER_ROOT;11268;15;;;;;11285;15;;;;;11276.5;0.0
-1;51300;ASH_COATED_OSMIUM;9990;14;9987;28;;;10006;14;10008;28;;;9998.0;0.0
-1;51400;INTARIAN_PEPPER_ROOT;11271;12;11269;22;;;11283;12;;;;;11277.0;0.0
-1;51400;ASH_COATED_OSMIUM;9995;4;9990;11;;;10006;11;10008;26;;;10000.5;0.0
-1;51500;INTARIAN_PEPPER_ROOT;11271;9;11269;20;;;11284;9;11286;20;;;11277.5;0.0
-1;51500;ASH_COATED_OSMIUM;9990;15;9987;20;;;10006;15;;;;;9998.0;0.0
-1;51600;INTARIAN_PEPPER_ROOT;11269;19;;;;;11284;8;11286;19;;;11276.5;0.0
-1;51600;ASH_COATED_OSMIUM;9987;23;;;;;10008;23;;;;;9997.5;0.0
-1;51700;INTARIAN_PEPPER_ROOT;11273;12;11270;19;;;11285;12;;;;;11279.0;0.0
-1;51700;ASH_COATED_OSMIUM;9990;13;;;;;10006;13;10009;26;;;9998.0;0.0
-1;51800;INTARIAN_PEPPER_ROOT;11273;11;11270;18;;;11285;11;;;;;11279.0;0.0
-1;51800;ASH_COATED_OSMIUM;9990;14;9988;30;;;10009;30;;;;;9999.5;0.0
-1;51900;INTARIAN_PEPPER_ROOT;11270;16;;;;;11285;9;11288;16;;;11277.5;0.0
-1;51900;ASH_COATED_OSMIUM;9990;15;;;;;10006;15;10008;30;;;9998.0;0.0
-1;52000;INTARIAN_PEPPER_ROOT;11274;9;11271;15;;;11286;9;11289;15;;;11280.0;0.0
-1;52000;ASH_COATED_OSMIUM;9988;30;;;;;10006;10;10009;30;;;9997.0;0.0
-1;52100;INTARIAN_PEPPER_ROOT;11271;18;;;;;11289;18;;;;;11280.0;0.0
-1;52100;ASH_COATED_OSMIUM;9990;15;9987;24;;;10006;15;10008;24;;;9998.0;0.0
-1;52200;INTARIAN_PEPPER_ROOT;11275;10;;;;;11287;10;;;;;11281.0;0.0
-1;52200;ASH_COATED_OSMIUM;9990;13;9987;20;;;10006;13;10008;20;;;9998.0;0.0
-1;52300;INTARIAN_PEPPER_ROOT;11275;10;11273;25;;;11287;10;11290;25;;;11281.0;0.0
-1;52300;ASH_COATED_OSMIUM;9990;10;9987;23;;;10006;10;;;;;9998.0;0.0
-1;52400;INTARIAN_PEPPER_ROOT;11275;12;11273;20;;;11287;12;11290;20;;;11281.0;0.0
-1;52400;ASH_COATED_OSMIUM;9990;12;;;;;10008;26;;;;;9999.0;0.0
-1;52500;ASH_COATED_OSMIUM;9990;12;9987;26;;;10006;12;10008;26;;;9998.0;0.0
-1;52500;INTARIAN_PEPPER_ROOT;;;;;;;11289;11;11291;15;;;11289.0;0.0
-1;52600;ASH_COATED_OSMIUM;9990;13;9987;27;;;10006;13;10008;27;;;9998.0;0.0
-1;52600;INTARIAN_PEPPER_ROOT;11277;10;11274;23;;;11289;10;11291;23;;;11283.0;0.0
-1;52700;INTARIAN_PEPPER_ROOT;11277;8;11274;19;;;11289;8;;;;;11283.0;0.0
-1;52700;ASH_COATED_OSMIUM;9990;12;9988;26;;;10006;12;10009;26;;;9998.0;0.0
-1;52800;INTARIAN_PEPPER_ROOT;11275;24;;;;;11290;11;11293;24;;;11282.5;0.0
-1;52800;ASH_COATED_OSMIUM;9988;30;;;;;10006;10;10009;30;;;9997.0;0.0
-1;52900;ASH_COATED_OSMIUM;9990;11;9988;29;;;10006;11;10009;29;;;9998.0;0.0
-1;52900;INTARIAN_PEPPER_ROOT;11278;11;11275;19;;;11293;19;;;;;11285.5;0.0
-1;53000;ASH_COATED_OSMIUM;9990;14;9987;30;;;10006;14;10008;30;;;9998.0;0.0
-1;53000;INTARIAN_PEPPER_ROOT;11279;8;11276;21;;;11291;8;11294;21;;;11285.0;0.0
-1;53100;INTARIAN_PEPPER_ROOT;11279;12;11276;18;;;11291;12;11294;18;;;11285.0;0.0
-1;53100;ASH_COATED_OSMIUM;9995;3;9990;10;9987;28;10006;10;10008;28;;;10000.5;0.0
-1;53200;INTARIAN_PEPPER_ROOT;11279;11;11276;24;;;11291;11;11294;24;;;11285.0;0.0
-1;53200;ASH_COATED_OSMIUM;9989;10;9987;21;;;10005;10;10008;21;;;9997.0;0.0
-1;53300;ASH_COATED_OSMIUM;9989;13;9987;30;;;10005;13;10008;30;;;9997.0;0.0
-1;53300;INTARIAN_PEPPER_ROOT;11280;10;;;;;11292;10;11295;18;;;11286.0;0.0
-1;53400;ASH_COATED_OSMIUM;9989;10;9987;21;;;10005;10;10008;21;;;9997.0;0.0
-1;53400;INTARIAN_PEPPER_ROOT;11280;10;;;;;11292;10;;;;;11286.0;0.0
-1;53500;INTARIAN_PEPPER_ROOT;11280;8;11278;18;;;11293;8;11295;18;;;11286.5;0.0
-1;53500;ASH_COATED_OSMIUM;9987;23;;;;;10005;10;10008;23;;;9996.0;0.0
-1;53600;INTARIAN_PEPPER_ROOT;11282;12;11279;23;;;11284;5;11296;23;;;11283.0;0.0
-1;53600;ASH_COATED_OSMIUM;9990;12;9987;28;;;10006;12;;;;;9998.0;0.0
-1;53700;ASH_COATED_OSMIUM;9987;26;;;;;10005;11;10008;26;;;9996.0;0.0
-1;53700;INTARIAN_PEPPER_ROOT;11279;18;;;;;11294;8;11296;18;;;11286.5;0.0
-1;53800;ASH_COATED_OSMIUM;9989;11;9987;24;;;9995;8;10005;11;10008;24;9992.0;0.0
-1;53800;INTARIAN_PEPPER_ROOT;11283;9;11280;16;;;11295;9;11298;16;;;11289.0;0.0
-1;53900;INTARIAN_PEPPER_ROOT;11283;9;11280;16;;;11298;16;;;;;11290.5;0.0
-1;53900;ASH_COATED_OSMIUM;9989;11;9987;25;;;10005;11;;;;;9997.0;0.0
-1;54000;INTARIAN_PEPPER_ROOT;11280;23;;;;;11295;12;;;;;11287.5;0.0
-1;54000;ASH_COATED_OSMIUM;9989;15;9986;25;;;10005;15;10007;25;;;9997.0;0.0
-1;54100;ASH_COATED_OSMIUM;9988;13;9986;21;;;;;;;;;9988.0;0.0
-1;54100;INTARIAN_PEPPER_ROOT;11281;16;;;;;11296;8;11299;16;;;11288.5;0.0
-1;54200;ASH_COATED_OSMIUM;9985;30;;;;;10006;30;;;;;9995.5;0.0
-1;54200;INTARIAN_PEPPER_ROOT;11284;10;;;;;11299;23;;;;;11291.5;0.0
-1;54300;INTARIAN_PEPPER_ROOT;11284;8;11282;16;;;11296;8;11299;16;;;11290.0;0.0
-1;54300;ASH_COATED_OSMIUM;9988;15;9986;24;;;10004;15;10007;24;;;9996.0;0.0
-1;54400;INTARIAN_PEPPER_ROOT;11285;11;11283;15;;;11297;11;11300;15;;;11291.0;0.0
-1;54400;ASH_COATED_OSMIUM;9988;10;;;;;10007;30;;;;;9997.5;0.0
-1;54500;ASH_COATED_OSMIUM;9986;23;;;;;10005;11;10007;23;;;9995.5;0.0
-1;54500;INTARIAN_PEPPER_ROOT;11285;8;11283;21;;;11300;21;;;;;11292.5;0.0
-1;54600;ASH_COATED_OSMIUM;9986;29;;;;;10005;12;10007;29;;;9995.5;0.0
-1;54600;INTARIAN_PEPPER_ROOT;11287;8;;;;;11301;20;;;;;11294.0;0.0
-1;54700;INTARIAN_PEPPER_ROOT;11287;10;11284;17;;;11299;10;;;;;11293.0;0.0
-1;54700;ASH_COATED_OSMIUM;9989;14;9987;30;;;10008;30;;;;;9998.5;0.0
-1;54800;INTARIAN_PEPPER_ROOT;11287;9;11284;25;;;11302;25;;;;;11294.5;0.0
-1;54800;ASH_COATED_OSMIUM;9987;25;;;;;10006;12;10008;25;;;9996.5;0.0
-1;54900;ASH_COATED_OSMIUM;9989;15;9987;30;;;10005;15;10008;30;;;9997.0;0.0
-1;54900;INTARIAN_PEPPER_ROOT;11288;11;11285;18;;;11300;11;11303;18;;;11294.0;0.0
-1;55000;ASH_COATED_OSMIUM;9989;10;9987;29;;;10008;29;;;;;9998.5;0.0
-1;55000;INTARIAN_PEPPER_ROOT;11288;10;11285;20;;;11303;20;;;;;11295.5;0.0
-1;55100;INTARIAN_PEPPER_ROOT;11288;8;11285;18;;;11300;8;11303;18;;;11294.0;0.0
-1;55100;ASH_COATED_OSMIUM;9989;11;;;;;10005;11;10008;27;;;9997.0;0.0
-1;55200;INTARIAN_PEPPER_ROOT;;;;;;;11301;9;;;;;11301.0;0.0
-1;55200;ASH_COATED_OSMIUM;9989;11;9987;23;;;10005;11;10008;23;;;9997.0;0.0
-1;55300;ASH_COATED_OSMIUM;9989;10;9986;30;;;10005;10;10007;30;;;9997.0;0.0
-1;55300;INTARIAN_PEPPER_ROOT;11289;9;11287;17;;;11301;9;;;;;11295.0;0.0
-1;55400;ASH_COATED_OSMIUM;9988;14;9986;24;;;10004;14;10007;24;;;9996.0;0.0
-1;55400;INTARIAN_PEPPER_ROOT;11289;10;11287;17;;;11301;10;11304;17;;;11295.0;0.0
-1;55500;INTARIAN_PEPPER_ROOT;11290;11;11288;22;;;11303;11;11305;22;;;11296.5;0.0
-1;55500;ASH_COATED_OSMIUM;9988;13;9985;23;;;10004;13;10006;23;;;9996.0;0.0
-1;55600;INTARIAN_PEPPER_ROOT;11291;12;11288;16;;;11303;12;11305;16;;;11297.0;0.0
-1;55600;ASH_COATED_OSMIUM;9988;14;;;;;10004;14;;;;;9996.0;0.0
-1;55700;INTARIAN_PEPPER_ROOT;11295;8;11289;15;;;11304;9;;;;;11299.5;0.0
-1;55700;ASH_COATED_OSMIUM;9988;11;;;;;10004;11;10006;20;;;9996.0;0.0
-1;55800;INTARIAN_PEPPER_ROOT;11292;12;11289;20;;;11304;12;11307;20;;;11298.0;0.0
-1;55800;ASH_COATED_OSMIUM;9988;11;9986;30;;;10004;11;10007;30;;;9996.0;0.0
-1;55900;INTARIAN_PEPPER_ROOT;11292;12;11289;16;;;11304;12;;;;;11298.0;0.0
-1;55900;ASH_COATED_OSMIUM;9989;15;9986;22;;;10005;15;10007;22;;;9997.0;0.0
-1;56000;INTARIAN_PEPPER_ROOT;11293;8;11290;25;;;11305;8;11308;25;;;11299.0;0.0
-1;56000;ASH_COATED_OSMIUM;9986;23;;;;;10005;15;10007;23;;;9995.5;0.0
-1;56100;INTARIAN_PEPPER_ROOT;11293;10;11290;15;;;;;;;;;11293.0;0.0
-1;56100;ASH_COATED_OSMIUM;9989;14;;;;;10008;24;;;;;9998.5;0.0
-1;56200;INTARIAN_PEPPER_ROOT;11293;8;11290;15;;;11305;8;11308;15;;;11299.0;0.0
-1;56200;ASH_COATED_OSMIUM;9989;13;9987;24;;;10008;24;;;;;9998.5;0.0
-1;56300;INTARIAN_PEPPER_ROOT;11292;24;;;;;11309;24;;;;;11300.5;0.0
-1;56300;ASH_COATED_OSMIUM;;;;;;;;;;;;;0.0;0.0
-1;56400;INTARIAN_PEPPER_ROOT;11292;18;;;;;11306;11;11309;18;;;11299.0;0.0
-1;56400;ASH_COATED_OSMIUM;9989;11;9987;24;;;9999;3;10005;11;10008;24;9994.0;0.0
-1;56500;INTARIAN_PEPPER_ROOT;;;;;;;11307;8;11309;23;;;11307.0;0.0
-1;56500;ASH_COATED_OSMIUM;9989;10;;;;;9999;4;10008;24;;;9994.0;0.0
-1;56600;INTARIAN_PEPPER_ROOT;11296;11;11293;23;;;11308;11;;;;;11302.0;0.0
-1;56600;ASH_COATED_OSMIUM;9990;15;9987;29;;;10008;29;;;;;9999.0;0.0
-1;56700;INTARIAN_PEPPER_ROOT;11296;10;11293;20;;;11308;10;;;;;11302.0;0.0
-1;56700;ASH_COATED_OSMIUM;9990;10;;;;;10006;10;10008;20;;;9998.0;0.0
-1;56800;INTARIAN_PEPPER_ROOT;11297;12;11294;18;;;;;;;;;11297.0;0.0
-1;56800;ASH_COATED_OSMIUM;9988;28;;;;;10007;12;;;;;9997.5;0.0
-1;56900;INTARIAN_PEPPER_ROOT;11297;12;;;;;11312;19;;;;;11304.5;0.0
-1;56900;ASH_COATED_OSMIUM;9988;20;;;;;10009;20;;;;;9998.5;0.0
-1;57000;INTARIAN_PEPPER_ROOT;11294;25;;;;;11309;12;11312;25;;;11301.5;0.0
-1;57000;ASH_COATED_OSMIUM;9991;12;;;;;10007;12;10009;30;;;9999.0;0.0
-1;57100;ASH_COATED_OSMIUM;9991;14;9989;24;;;10007;14;10010;24;;;9999.0;0.0
-1;57100;INTARIAN_PEPPER_ROOT;11295;25;;;;;11313;25;;;;;11304.0;0.0
-1;57200;INTARIAN_PEPPER_ROOT;11298;12;11295;21;;;11310;12;11313;21;;;11304.0;0.0
-1;57200;ASH_COATED_OSMIUM;9991;11;9989;25;;;10007;11;;;;;9999.0;0.0
-1;57300;ASH_COATED_OSMIUM;9991;11;9989;28;;;10007;11;10010;28;;;9999.0;0.0
-1;57300;INTARIAN_PEPPER_ROOT;11298;11;11296;24;;;11310;11;11313;24;;;11304.0;0.0
-1;57400;INTARIAN_PEPPER_ROOT;11299;11;11297;15;;;11311;11;11314;15;;;11305.0;0.0
-1;57400;ASH_COATED_OSMIUM;9992;15;9989;25;;;10008;15;;;;;10000.0;0.0
-1;57500;ASH_COATED_OSMIUM;9991;12;9989;27;;;10007;12;10010;27;;;9999.0;0.0
-1;57500;INTARIAN_PEPPER_ROOT;11299;10;;;;;11312;10;11314;19;;;11305.5;0.0
-1;57600;INTARIAN_PEPPER_ROOT;11297;18;;;;;11314;18;;;;;11305.5;0.0
-1;57600;ASH_COATED_OSMIUM;9990;14;9988;22;;;10006;14;10009;22;;;9998.0;0.0
-1;57700;ASH_COATED_OSMIUM;9991;10;9988;30;;;10009;30;;;;;10000.0;0.0
-1;57700;INTARIAN_PEPPER_ROOT;11301;8;;;;;11313;8;11315;23;;;11307.0;0.0
-1;57800;INTARIAN_PEPPER_ROOT;11298;18;;;;;11313;10;11316;18;;;11305.5;0.0
-1;57800;ASH_COATED_OSMIUM;9990;13;9988;27;;;10006;13;10009;27;;;9998.0;0.0
-1;57900;ASH_COATED_OSMIUM;9990;15;9988;27;;;10006;15;10009;27;;;9998.0;0.0
-1;57900;INTARIAN_PEPPER_ROOT;11301;8;11298;18;;;11313;8;11316;18;;;11307.0;0.0
-1;58000;INTARIAN_PEPPER_ROOT;11302;9;11299;21;;;11314;9;11317;21;;;11308.0;0.0
-1;58000;ASH_COATED_OSMIUM;9990;14;9988;27;;;;;;;;;9990.0;0.0
-1;58100;ASH_COATED_OSMIUM;9990;14;9988;20;;;9996;9;10009;20;;;9993.0;0.0
-1;58100;INTARIAN_PEPPER_ROOT;11302;11;11299;17;;;11317;17;;;;;11309.5;0.0
-1;58200;INTARIAN_PEPPER_ROOT;11303;9;11300;24;;;11315;9;11318;24;;;11309.0;0.0
-1;58200;ASH_COATED_OSMIUM;9990;10;;;;;10005;10;10008;27;;;9997.5;0.0
-1;58300;ASH_COATED_OSMIUM;9987;29;;;;;10006;15;10008;29;;;9996.5;0.0
-1;58300;INTARIAN_PEPPER_ROOT;11303;8;11301;24;;;11315;8;11318;24;;;11309.0;0.0
-1;58400;INTARIAN_PEPPER_ROOT;11303;8;;;;;11315;8;11318;23;;;11309.0;0.0
-1;58400;ASH_COATED_OSMIUM;9990;11;9987;23;;;10006;11;10008;23;;;9998.0;0.0
-1;58500;ASH_COATED_OSMIUM;9987;26;;;;;10006;15;10008;26;;;9996.5;0.0
-1;58500;INTARIAN_PEPPER_ROOT;11304;12;11302;19;;;11317;12;11319;19;;;11310.5;0.0
-1;58600;INTARIAN_PEPPER_ROOT;11305;9;;;;;11317;9;11319;21;;;11311.0;0.0
-1;58600;ASH_COATED_OSMIUM;9990;12;9987;25;;;10006;12;;;;;9998.0;0.0
-1;58700;ASH_COATED_OSMIUM;9990;12;9988;29;;;10006;12;;;;;9998.0;0.0
-1;58700;INTARIAN_PEPPER_ROOT;;;;;;;11319;16;;;;;11319.0;0.0
-1;58800;INTARIAN_PEPPER_ROOT;11303;17;;;;;11321;17;;;;;11312.0;0.0
-1;58800;ASH_COATED_OSMIUM;9990;15;9988;28;;;10009;28;;;;;9999.5;0.0
-1;58900;ASH_COATED_OSMIUM;9988;24;;;;;10006;14;10009;24;;;9997.0;0.0
-1;58900;INTARIAN_PEPPER_ROOT;11306;11;11303;24;;;11318;11;11321;24;;;11312.0;0.0
-1;59000;INTARIAN_PEPPER_ROOT;11306;11;11303;25;;;11318;11;;;;;11312.0;0.0
-1;59000;ASH_COATED_OSMIUM;9991;10;9988;21;;;10007;10;10009;21;;;9999.0;0.0
-1;59100;ASH_COATED_OSMIUM;9991;10;;;;;10007;10;10009;28;;;9999.0;0.0
-1;59100;INTARIAN_PEPPER_ROOT;11307;10;11304;24;;;11319;10;;;;;11313.0;0.0
-1;59200;INTARIAN_PEPPER_ROOT;11316;8;11307;12;;;11319;12;11322;25;;;11317.5;0.0
-1;59200;ASH_COATED_OSMIUM;9996;5;9988;20;;;10007;12;;;;;10001.5;0.0
-1;59300;ASH_COATED_OSMIUM;9991;15;;;;;10007;15;10009;24;;;9999.0;0.0
-1;59300;INTARIAN_PEPPER_ROOT;11307;8;11305;19;;;11319;8;11322;19;;;11313.0;0.0
-1;59400;INTARIAN_PEPPER_ROOT;11308;8;;;;;11320;8;11323;17;;;11314.0;0.0
-1;59400;ASH_COATED_OSMIUM;9991;10;9989;27;;;10007;10;;;;;9999.0;0.0
-1;59500;ASH_COATED_OSMIUM;9991;14;;;;;10007;14;10010;22;;;9999.0;0.0
-1;59500;INTARIAN_PEPPER_ROOT;11308;8;11306;20;;;11321;8;;;;;11314.5;0.0
-1;59600;INTARIAN_PEPPER_ROOT;11309;9;11306;22;;;11321;9;11323;22;;;11315.0;0.0
-1;59600;ASH_COATED_OSMIUM;9991;12;9988;26;;;;;;;;;9991.0;0.0
-1;59700;ASH_COATED_OSMIUM;9988;24;;;;;10000;3;10007;11;10009;24;9994.0;0.0
-1;59700;INTARIAN_PEPPER_ROOT;11310;11;11307;18;;;11322;11;11324;18;;;11316.0;0.0
-1;59800;INTARIAN_PEPPER_ROOT;11310;8;11307;16;;;;;;;;;11310.0;0.0
-1;59800;ASH_COATED_OSMIUM;9991;12;9989;29;;;10007;12;10010;29;;;9999.0;0.0
-1;59900;INTARIAN_PEPPER_ROOT;11310;12;11307;23;;;11322;12;11325;23;;;11316.0;0.0
-1;59900;ASH_COATED_OSMIUM;9991;14;;;;;;;;;;;9991.0;0.0
-1;60000;INTARIAN_PEPPER_ROOT;11308;24;;;;;11323;9;;;;;11315.5;0.0
-1;60000;ASH_COATED_OSMIUM;9990;14;9988;29;;;10006;14;;;;;9998.0;0.0
-1;60100;INTARIAN_PEPPER_ROOT;11311;11;11308;19;;;11323;11;;;;;11317.0;0.0
-1;60100;ASH_COATED_OSMIUM;9990;11;9988;21;;;10006;11;;;;;9998.0;0.0
-1;60200;INTARIAN_PEPPER_ROOT;11309;19;;;;;11324;10;11327;19;;;11316.5;0.0
-1;60200;ASH_COATED_OSMIUM;9991;13;9988;24;;;10007;13;;;;;9999.0;0.0
-1;60300;INTARIAN_PEPPER_ROOT;11312;8;11310;19;;;11327;19;;;;;11319.5;0.0
-1;60300;ASH_COATED_OSMIUM;9990;13;;;;;10009;21;;;;;9999.5;0.0
-1;60400;INTARIAN_PEPPER_ROOT;11312;11;11310;16;;;11324;11;11327;16;;;11318.0;0.0
-1;60400;ASH_COATED_OSMIUM;9990;13;;;;;10006;13;10009;26;;;9998.0;0.0
-1;60500;INTARIAN_PEPPER_ROOT;11313;10;;;;;11326;10;11328;22;;;11319.5;0.0
-1;60500;ASH_COATED_OSMIUM;9990;13;9988;29;;;10009;29;;;;;9999.5;0.0
-1;60600;INTARIAN_PEPPER_ROOT;11311;25;;;;;11326;10;11328;25;;;11318.5;0.0
-1;60600;ASH_COATED_OSMIUM;9988;26;;;;;10009;26;;;;;9998.5;0.0
-1;60700;INTARIAN_PEPPER_ROOT;11314;8;11311;16;;;11326;8;;;;;11320.0;0.0
-1;60700;ASH_COATED_OSMIUM;9991;14;9988;23;;;10007;14;10009;23;;;9999.0;0.0
-1;60800;INTARIAN_PEPPER_ROOT;11315;12;11312;19;;;11330;19;;;;;11322.5;0.0
-1;60800;ASH_COATED_OSMIUM;9991;15;9989;23;;;10010;23;;;;;10000.5;0.0
-1;60900;INTARIAN_PEPPER_ROOT;11315;12;;;;;11327;12;11330;24;;;11321.0;0.0
-1;60900;ASH_COATED_OSMIUM;9992;12;9989;30;;;10008;12;10010;30;;;10000.0;0.0
-1;61000;INTARIAN_PEPPER_ROOT;11315;10;11312;23;;;11327;10;11330;23;;;11321.0;0.0
-1;61000;ASH_COATED_OSMIUM;9989;26;;;;;10007;15;;;;;9998.0;0.0
-1;61100;INTARIAN_PEPPER_ROOT;11316;8;11313;15;;;11328;8;11331;15;;;11322.0;0.0
-1;61100;ASH_COATED_OSMIUM;9991;13;9989;30;;;10007;13;10010;30;;;9999.0;0.0
-1;61200;INTARIAN_PEPPER_ROOT;11316;11;11313;22;;;11328;11;11331;22;;;11322.0;0.0
-1;61200;ASH_COATED_OSMIUM;9991;11;;;;;10010;27;;;;;10000.5;0.0
-1;61300;INTARIAN_PEPPER_ROOT;11316;12;;;;;11328;12;;;;;11322.0;0.0
-1;61300;ASH_COATED_OSMIUM;9992;11;9989;30;;;10008;11;10010;30;;;10000.0;0.0
-1;61400;INTARIAN_PEPPER_ROOT;11317;10;;;;;11332;21;;;;;11324.5;0.0
-1;61400;ASH_COATED_OSMIUM;9991;15;9989;23;;;10007;15;10010;23;;;9999.0;0.0
-1;61500;ASH_COATED_OSMIUM;9991;14;9989;30;;;10007;14;10010;30;;;9999.0;0.0
-1;61500;INTARIAN_PEPPER_ROOT;11317;11;11315;23;;;11330;11;11332;23;;;11323.5;0.0
-1;61600;ASH_COATED_OSMIUM;9990;13;9988;21;;;9996;4;10006;13;10009;21;9993.0;0.0
-1;61600;INTARIAN_PEPPER_ROOT;11318;9;11315;15;;;11330;9;;;;;11324.0;0.0
-1;61700;INTARIAN_PEPPER_ROOT;11319;11;;;;;11331;11;11333;22;;;11325.0;0.0
-1;61700;ASH_COATED_OSMIUM;9991;11;9989;29;;;10010;29;;;;;10000.5;0.0
-1;61800;INTARIAN_PEPPER_ROOT;11319;10;;;;;11334;18;;;;;11326.5;0.0
-1;61800;ASH_COATED_OSMIUM;9991;12;9989;27;;;;;;;;;9991.0;0.0
-1;61900;ASH_COATED_OSMIUM;9989;21;;;;;10007;10;10010;21;;;9998.0;0.0
-1;61900;INTARIAN_PEPPER_ROOT;11322;6;11319;11;;;11331;11;11334;18;;;11326.5;0.0
-1;62000;ASH_COATED_OSMIUM;9992;13;9989;21;;;10008;13;10010;21;;;10000.0;0.0
-1;62000;INTARIAN_PEPPER_ROOT;11320;12;11317;17;;;11332;12;11335;17;;;11326.0;0.0
-1;62100;INTARIAN_PEPPER_ROOT;11320;8;11317;21;;;;;;;;;11320.0;0.0
-1;62100;ASH_COATED_OSMIUM;9989;24;;;;;10008;12;10010;24;;;9998.5;0.0
-1;62200;INTARIAN_PEPPER_ROOT;11320;11;11317;16;;;11332;11;11335;16;;;11326.0;0.0
-1;62200;ASH_COATED_OSMIUM;9992;10;9989;29;;;;;;;;;9992.0;0.0
-1;62300;ASH_COATED_OSMIUM;9991;14;9989;21;;;10010;21;;;;;10000.5;0.0
-1;62300;INTARIAN_PEPPER_ROOT;11321;12;11319;18;;;11333;12;11336;18;;;11327.0;0.0
-1;62400;ASH_COATED_OSMIUM;9991;13;9989;30;;;10007;13;10010;30;;;9999.0;0.0
-1;62400;INTARIAN_PEPPER_ROOT;11321;10;11319;15;;;11336;15;;;;;11328.5;0.0
-1;62500;INTARIAN_PEPPER_ROOT;11321;9;11319;17;;;11334;9;11336;17;;;11327.5;0.0
-1;62500;ASH_COATED_OSMIUM;9991;14;9989;24;;;10010;24;;;;;10000.5;0.0
-1;62600;INTARIAN_PEPPER_ROOT;11323;12;11320;25;;;11335;12;11337;25;;;11329.0;0.0
-1;62600;ASH_COATED_OSMIUM;9992;15;9989;25;;;10008;15;10010;25;;;10000.0;0.0
-1;62700;ASH_COATED_OSMIUM;9991;15;9989;24;;;10010;24;;;;;10000.5;0.0
-1;62700;INTARIAN_PEPPER_ROOT;11323;11;11320;17;;;11335;11;11337;17;;;11329.0;0.0
-1;62800;ASH_COATED_OSMIUM;9991;10;9989;24;;;10007;10;10010;24;;;9999.0;0.0
-1;62800;INTARIAN_PEPPER_ROOT;11323;10;11320;25;;;11335;10;11338;25;;;11329.0;0.0
-1;62900;INTARIAN_PEPPER_ROOT;11324;9;11321;18;;;11336;9;11339;18;;;11330.0;0.0
-1;62900;ASH_COATED_OSMIUM;9992;13;9989;30;;;10008;13;10010;30;;;10000.0;0.0
-1;63000;INTARIAN_PEPPER_ROOT;11324;12;11321;25;;;11336;12;11339;25;;;11330.0;0.0
-1;63000;ASH_COATED_OSMIUM;9992;10;9989;24;;;10008;10;10010;24;;;10000.0;0.0
-1;63100;ASH_COATED_OSMIUM;9991;14;9989;23;;;10007;14;10010;23;;;9999.0;0.0
-1;63100;INTARIAN_PEPPER_ROOT;11324;12;11321;16;;;11339;16;;;;;11331.5;0.0
-1;63200;ASH_COATED_OSMIUM;9991;10;9988;20;;;10007;10;;;;;9999.0;0.0
-1;63200;INTARIAN_PEPPER_ROOT;11325;10;11322;19;;;11337;10;11340;19;;;11331.0;0.0
-1;63300;INTARIAN_PEPPER_ROOT;11325;11;;;;;11337;11;11340;18;;;11331.0;0.0
-1;63300;ASH_COATED_OSMIUM;9990;14;9988;24;;;10006;14;10009;24;;;9998.0;0.0
-1;63400;INTARIAN_PEPPER_ROOT;11325;10;11323;17;;;11337;10;11340;17;;;11331.0;0.0
-1;63400;ASH_COATED_OSMIUM;9996;2;9991;10;9988;24;10009;24;;;;;10002.5;0.0
-1;63500;ASH_COATED_OSMIUM;;;;;;;10006;10;10009;23;;;10006.0;0.0
-1;63500;INTARIAN_PEPPER_ROOT;11326;10;11324;25;;;11341;25;;;;;11333.5;0.0
-1;63600;ASH_COATED_OSMIUM;;;;;;;10006;11;10009;26;;;10006.0;0.0
-1;63600;INTARIAN_PEPPER_ROOT;11327;8;11324;25;;;11339;8;11341;25;;;11333.0;0.0
-1;63700;INTARIAN_PEPPER_ROOT;11327;10;11324;25;;;11339;10;11341;25;;;11333.0;0.0
-1;63700;ASH_COATED_OSMIUM;9990;14;;;;;10006;14;;;;;9998.0;0.0
-1;63800;INTARIAN_PEPPER_ROOT;11328;12;11325;19;;;11340;12;;;;;11334.0;0.0
-1;63800;ASH_COATED_OSMIUM;9990;10;9987;20;;;10006;10;10008;20;;;9998.0;0.0
-1;63900;ASH_COATED_OSMIUM;9989;12;9987;21;;;10005;12;;;;;9997.0;0.0
-1;63900;INTARIAN_PEPPER_ROOT;11328;10;11325;25;;;11343;25;;;;;11335.5;0.0
-1;64000;ASH_COATED_OSMIUM;9989;11;9986;25;;;10005;11;10007;25;;;9997.0;0.0
-1;64000;INTARIAN_PEPPER_ROOT;11325;16;;;;;11343;16;;;;;11334.0;0.0
-1;64100;INTARIAN_PEPPER_ROOT;11326;23;;;;;11344;23;;;;;11335.0;0.0
-1;64100;ASH_COATED_OSMIUM;9988;11;9986;26;;;10004;11;10007;26;;;9996.0;0.0
-1;64200;INTARIAN_PEPPER_ROOT;11326;16;;;;;11341;8;11344;16;;;11333.5;0.0
-1;64200;ASH_COATED_OSMIUM;9989;11;9986;30;;;10005;11;10007;30;;;9997.0;0.0
-1;64300;ASH_COATED_OSMIUM;9988;11;9986;20;;;10004;11;10007;20;;;9996.0;0.0
-1;64300;INTARIAN_PEPPER_ROOT;11329;10;11327;17;;;11331;3;11341;10;11344;17;11330.0;0.0
-1;64400;INTARIAN_PEPPER_ROOT;11330;11;11328;24;;;11342;11;;;;;11336.0;0.0
-1;64400;ASH_COATED_OSMIUM;9989;14;9986;21;;;10005;14;10007;21;;;9997.0;0.0
-1;64500;INTARIAN_PEPPER_ROOT;11330;8;11328;18;;;11343;8;11345;18;;;11336.5;0.0
-1;64500;ASH_COATED_OSMIUM;9989;13;9986;28;;;10005;13;10007;28;;;9997.0;0.0
-1;64600;INTARIAN_PEPPER_ROOT;11331;11;11328;19;;;11343;11;;;;;11337.0;0.0
-1;64600;ASH_COATED_OSMIUM;9989;10;9986;26;;;10005;10;10007;26;;;9997.0;0.0
-1;64700;INTARIAN_PEPPER_ROOT;11332;9;11329;24;;;11344;9;11346;24;;;11338.0;0.0
-1;64700;ASH_COATED_OSMIUM;9989;10;;;;;10005;10;10007;28;;;9997.0;0.0
-1;64800;INTARIAN_PEPPER_ROOT;11329;25;;;;;11344;9;;;;;11336.5;0.0
-1;64800;ASH_COATED_OSMIUM;;;;;;;10004;15;10007;25;;;10004.0;0.0
-1;64900;INTARIAN_PEPPER_ROOT;11332;12;11329;23;;;11344;12;;;;;11338.0;0.0
-1;64900;ASH_COATED_OSMIUM;9989;13;9986;29;;;10005;13;10007;29;;;9997.0;0.0
-1;65000;INTARIAN_PEPPER_ROOT;11333;12;11330;17;;;11345;12;11348;17;;;11339.0;0.0
-1;65000;ASH_COATED_OSMIUM;9989;15;;;;;10005;15;10007;25;;;9997.0;0.0
-1;65100;INTARIAN_PEPPER_ROOT;11330;18;;;;;11348;18;;;;;11339.0;0.0
-1;65100;ASH_COATED_OSMIUM;9986;25;;;;;10005;13;10007;25;;;9995.5;0.0
-1;65200;INTARIAN_PEPPER_ROOT;11333;9;11330;16;;;11345;9;11348;16;;;11339.0;0.0
-1;65200;ASH_COATED_OSMIUM;9989;12;9987;23;;;10005;12;10008;23;;;9997.0;0.0
-1;65300;INTARIAN_PEPPER_ROOT;11334;12;11332;21;;;11346;12;11349;21;;;11340.0;0.0
-1;65300;ASH_COATED_OSMIUM;9989;11;9987;21;;;10005;11;10008;21;;;9997.0;0.0
-1;65400;INTARIAN_PEPPER_ROOT;11334;12;;;;;11346;12;11349;25;;;11340.0;0.0
-1;65400;ASH_COATED_OSMIUM;9989;13;9987;23;;;10005;13;10008;23;;;9997.0;0.0
-1;65500;INTARIAN_PEPPER_ROOT;11332;15;;;;;11347;9;11349;15;;;11339.5;0.0
-1;65500;ASH_COATED_OSMIUM;9989;11;;;;;9994;8;10005;11;10007;24;9991.5;0.0
-1;65600;INTARIAN_PEPPER_ROOT;11336;11;;;;;11348;11;11350;22;;;11342.0;0.0
-1;65600;ASH_COATED_OSMIUM;9989;11;9987;26;;;10005;11;10008;26;;;9997.0;0.0
-1;65700;INTARIAN_PEPPER_ROOT;;;;;;;11350;15;;;;;11350.0;0.0
-1;65700;ASH_COATED_OSMIUM;9990;14;9987;26;;;10006;14;;;;;9998.0;0.0
-1;65800;INTARIAN_PEPPER_ROOT;11336;12;11333;17;;;11348;12;11351;17;;;11342.0;0.0
-1;65800;ASH_COATED_OSMIUM;9989;11;9987;24;;;10005;11;10008;24;;;9997.0;0.0
-1;65900;ASH_COATED_OSMIUM;9989;10;9987;29;;;10008;29;;;;;9998.5;0.0
-1;65900;INTARIAN_PEPPER_ROOT;11337;12;11334;22;;;11349;12;11352;22;;;11343.0;0.0
-1;66000;INTARIAN_PEPPER_ROOT;11337;12;11334;20;;;11349;12;11352;20;;;11343.0;0.0
-1;66000;ASH_COATED_OSMIUM;9989;13;9987;23;;;;;;;;;9989.0;0.0
-1;66100;ASH_COATED_OSMIUM;9990;12;;;;;10008;29;;;;;9999.0;0.0
-1;66100;INTARIAN_PEPPER_ROOT;;;;;;;11352;25;;;;;11352.0;0.0
-1;66200;INTARIAN_PEPPER_ROOT;11338;8;;;;;11350;8;;;;;11344.0;0.0
-1;66200;ASH_COATED_OSMIUM;9987;26;;;;;10006;10;10008;26;;;9996.5;0.0
-1;66300;ASH_COATED_OSMIUM;9990;11;9987;22;;;10006;11;10008;22;;;9998.0;0.0
-1;66300;INTARIAN_PEPPER_ROOT;11338;11;11336;25;;;11353;25;;;;;11345.5;0.0
-1;66400;INTARIAN_PEPPER_ROOT;11336;25;;;;;11350;10;11353;25;;;11343.0;0.0
-1;66400;ASH_COATED_OSMIUM;9989;14;9987;24;;;10005;14;10008;24;;;9997.0;0.0
-1;66500;ASH_COATED_OSMIUM;9990;15;9987;30;;;10006;15;10008;30;;;9998.0;0.0
-1;66500;INTARIAN_PEPPER_ROOT;11339;9;11337;19;;;11352;9;11354;19;;;11345.5;0.0
-1;66600;INTARIAN_PEPPER_ROOT;11340;10;11337;16;;;11352;10;11354;16;;;11346.0;0.0
-1;66600;ASH_COATED_OSMIUM;9990;12;9987;20;;;10006;12;10008;20;;;9998.0;0.0
-1;66700;ASH_COATED_OSMIUM;9990;11;;;;;10006;11;10008;20;;;9998.0;0.0
-1;66700;INTARIAN_PEPPER_ROOT;11340;10;11337;21;;;11352;10;;;;;11346.0;0.0
-1;66800;INTARIAN_PEPPER_ROOT;11341;10;11338;20;;;11353;10;11356;20;;;11347.0;0.0
-1;66800;ASH_COATED_OSMIUM;9990;11;9987;27;;;10008;27;;;;;9999.0;0.0
-1;66900;ASH_COATED_OSMIUM;9989;11;;;;;10005;11;;;;;9997.0;0.0
-1;66900;INTARIAN_PEPPER_ROOT;11341;12;;;;;11353;12;11356;22;;;11347.0;0.0
-1;67000;INTARIAN_PEPPER_ROOT;11341;9;11338;23;;;11353;9;11356;23;;;11347.0;0.0
-1;67000;ASH_COATED_OSMIUM;;;;;;;10005;15;10007;22;;;10005.0;0.0
-1;67100;ASH_COATED_OSMIUM;9989;10;9987;23;;;10005;10;;;;;9997.0;0.0
-1;67100;INTARIAN_PEPPER_ROOT;11341;11;11338;20;;;11353;11;;;;;11347.0;0.0
-1;67200;INTARIAN_PEPPER_ROOT;11339;23;;;;;11354;9;11357;23;;;11346.5;0.0
-1;67200;ASH_COATED_OSMIUM;9990;12;9987;26;;;10008;26;;;;;9999.0;0.0
-1;67300;ASH_COATED_OSMIUM;9990;10;9987;26;;;10008;26;;;;;9999.0;0.0
-1;67300;INTARIAN_PEPPER_ROOT;;;;;;;11354;8;11357;15;;;11354.0;0.0
-1;67400;INTARIAN_PEPPER_ROOT;11342;9;;;;;11354;9;11357;17;;;11348.0;0.0
-1;67400;ASH_COATED_OSMIUM;9989;11;;;;;10005;11;;;;;9997.0;0.0
-1;67500;ASH_COATED_OSMIUM;9989;12;9987;27;;;10005;12;10008;27;;;9997.0;0.0
-1;67500;INTARIAN_PEPPER_ROOT;11343;9;11341;19;;;11356;9;11358;19;;;11349.5;0.0
-1;67600;INTARIAN_PEPPER_ROOT;11352;4;;;;;11356;9;11358;23;;;11354.0;0.0
-1;67600;ASH_COATED_OSMIUM;9989;11;9986;25;;;10005;11;;;;;9997.0;0.0
-1;67700;ASH_COATED_OSMIUM;9989;11;;;;;10005;11;10007;25;;;9997.0;0.0
-1;67700;INTARIAN_PEPPER_ROOT;11344;11;11341;17;;;11356;11;;;;;11350.0;0.0
-1;67800;INTARIAN_PEPPER_ROOT;11345;12;11342;21;;;11360;21;;;;;11352.5;0.0
-1;67800;ASH_COATED_OSMIUM;9988;10;9986;25;;;10004;10;10007;25;;;9996.0;0.0
