day;timestamp;product;bid_price_1;bid_volume_1;bid_price_2;bid_volume_2;bid_price_3;bid_volume_3;ask_price_1;ask_volume_1;ask_price_2;ask_volume_2;ask_price_3;ask_volume_3;mid_price;profit_and_loss
1;0;INTARIAN_PEPPER_ROOT;10587;9;10584;25;;;10601;9;10604;25;;;10594.0;0.0
1;0;ASH_COATED_OSMIUM;10000;13;9998;21;;;10016;13;10019;21;;;10008.0;0.0
1;100;INTARIAN_PEPPER_ROOT;10587;8;;;;;10601;8;10604;22;;;10594.0;0.0
1;100;ASH_COATED_OSMIUM;10000;15;9998;26;;;10019;26;;;;;10009.5;0.0
1;200;ASH_COATED_OSMIUM;10000;15;9998;30;;;10019;30;;;;;10009.5;0.0
1;200;INTARIAN_PEPPER_ROOT;10587;9;10584;22;;;10604;22;;;;;10595.5;0.0
1;300;INTARIAN_PEPPER_ROOT;10586;8;10583;23;;;10600;8;10604;23;;;10593.0;0.0
1;300;ASH_COATED_OSMIUM;9998;27;;;;;10016;12;10019;27;;;10007.0;0.0
1;400;INTARIAN_PEPPER_ROOT;10586;10;10583;15;;;10600;10;10604;15;;;10593.0;0.0
1;400;ASH_COATED_OSMIUM;10010;8;10000;12;9998;25;10016;12;10019;25;;;10013.0;0.0
1;500;INTARIAN_PEPPER_ROOT;10586;9;10583;19;;;10600;9;10604;19;;;10593.0;0.0
1;500;ASH_COATED_OSMIUM;10000;11;9998;22;;;10017;11;10019;22;;;10008.5;0.0
1;600;ASH_COATED_OSMIUM;10000;13;9998;25;;;10019;25;;;;;10009.5;0.0
1;600;INTARIAN_PEPPER_ROOT;10583;23;;;;;10601;11;10604;23;;;10592.0;0.0
1;700;INTARIAN_PEPPER_ROOT;10587;9;10583;24;;;10601;9;10604;24;;;10594.0;0.0
1;700;ASH_COATED_OSMIUM;10000;11;;;;;10016;11;;;;;10008.0;0.0
1;800;INTARIAN_PEPPER_ROOT;10587;8;;;;;10601;8;10604;20;;;10594.0;0.0
1;800;ASH_COATED_OSMIUM;10001;12;9998;27;;;10019;27;;;;;10010.0;0.0
1;900;INTARIAN_PEPPER_ROOT;10587;8;10584;25;;;10604;25;;;;;10595.5;0.0
1;900;ASH_COATED_OSMIUM;10001;12;9998;21;;;10019;21;;;;;10010.0;0.0
1;1000;ASH_COATED_OSMIUM;10001;14;9998;28;;;10017;14;10019;28;;;10009.0;0.0
1;1000;INTARIAN_PEPPER_ROOT;10586;10;10583;21;;;10600;10;10603;21;;;10593.0;0.0
1;1100;INTARIAN_PEPPER_ROOT;10586;11;10583;24;;;10600;11;10603;24;;;10593.0;0.0
1;1100;ASH_COATED_OSMIUM;10001;13;9998;28;;;10017;13;10019;28;;;10009.0;0.0
1;1200;INTARIAN_PEPPER_ROOT;10586;9;10583;22;;;10603;22;;;;;10594.5;0.0
1;1200;ASH_COATED_OSMIUM;10001;12;;;;;;;;;;;10001.0;0.0
1;1300;INTARIAN_PEPPER_ROOT;10586;12;10583;16;;;10600;12;;;;;10593.0;0.0
1;1300;ASH_COATED_OSMIUM;10001;13;9999;23;;;10017;13;;;;;10009.0;0.0
1;1400;ASH_COATED_OSMIUM;;;;;;;10017;10;10020;24;;;10017.0;0.0
1;1400;INTARIAN_PEPPER_ROOT;10586;10;10583;17;;;10600;10;10604;17;;;10593.0;0.0
1;1500;INTARIAN_PEPPER_ROOT;10586;11;10583;16;;;10604;16;;;;;10595.0;0.0
1;1500;ASH_COATED_OSMIUM;10001;12;9999;29;;;10017;12;10020;29;;;10009.0;0.0
1;1600;INTARIAN_PEPPER_ROOT;10587;8;10583;23;;;10601;8;10604;23;;;10594.0;0.0
1;1600;ASH_COATED_OSMIUM;10001;14;9999;23;;;10017;14;10020;23;;;10009.0;0.0
1;1700;INTARIAN_PEPPER_ROOT;10586;9;10582;15;;;10600;9;10603;15;;;10593.0;0.0
1;1700;ASH_COATED_OSMIUM;10001;13;9999;24;;;10018;13;;;;;10009.5;0.0
1;1800;ASH_COATED_OSMIUM;10001;13;9999;28;;;10011;4;10017;13;10020;28;10006.0;0.0
1;1800;INTARIAN_PEPPER_ROOT;10586;9;10583;16;;;10600;9;10603;16;;;10593.0;0.0
1;1900;INTARIAN_PEPPER_ROOT;10586;10;10583;25;;;10600;10;10603;25;;;10593.0;0.0
1;1900;ASH_COATED_OSMIUM;10002;15;9999;24;;;10018;15;10020;24;;;10010.0;0.0
1;2000;INTARIAN_PEPPER_ROOT;10586;12;;;;;10600;12;10603;22;;;10593.0;0.0
1;2000;ASH_COATED_OSMIUM;10002;13;10000;22;;;10018;13;10021;22;;;10010.0;0.0
1;2100;INTARIAN_PEPPER_ROOT;10586;8;;;;;10600;8;10603;15;;;10593.0;0.0
1;2100;ASH_COATED_OSMIUM;10003;12;10000;25;;;10019;12;;;;;10011.0;0.0
1;2200;INTARIAN_PEPPER_ROOT;10586;12;10583;23;;;10600;12;10603;23;;;10593.0;0.0
1;2200;ASH_COATED_OSMIUM;10003;10;10000;29;;;10019;10;10021;29;;;10011.0;0.0
1;2300;ASH_COATED_OSMIUM;10003;14;10000;20;;;10019;14;10021;20;;;10011.0;0.0
1;2300;INTARIAN_PEPPER_ROOT;10586;9;;;;;10604;25;;;;;10595.0;0.0
1;2400;INTARIAN_PEPPER_ROOT;10585;8;10582;22;;;10603;22;;;;;10594.0;0.0
1;2400;ASH_COATED_OSMIUM;10002;10;10000;25;;;10021;25;;;;;10011.5;0.0
1;2500;INTARIAN_PEPPER_ROOT;10585;10;10582;15;;;;;;;;;10585.0;0.0
1;2500;ASH_COATED_OSMIUM;10002;14;10000;27;;;10018;14;10021;27;;;10010.0;0.0
1;2600;INTARIAN_PEPPER_ROOT;10586;8;10582;25;;;10600;8;10603;25;;;10593.0;0.0
1;2600;ASH_COATED_OSMIUM;9999;20;;;;;10018;13;10020;20;;;10008.5;0.0
1;2700;ASH_COATED_OSMIUM;10002;14;9999;29;;;10018;14;10020;29;;;10010.0;0.0
1;2700;INTARIAN_PEPPER_ROOT;10586;11;10582;19;;;10588;8;10600;11;10603;19;10587.0;0.0
1;2800;INTARIAN_PEPPER_ROOT;10586;12;;;;;10600;12;10603;25;;;10593.0;0.0
1;2800;ASH_COATED_OSMIUM;10002;11;9999;22;;;10020;22;;;;;10011.0;0.0
1;2900;INTARIAN_PEPPER_ROOT;10596;8;10586;12;10583;25;10600;12;10603;25;;;10598.0;0.0
1;2900;ASH_COATED_OSMIUM;10001;15;9999;21;;;10020;21;;;;;10010.5;0.0
1;3000;INTARIAN_PEPPER_ROOT;10586;9;10583;21;;;10603;21;;;;;10594.5;0.0
1;3000;ASH_COATED_OSMIUM;10002;13;9999;27;;;10018;13;10020;27;;;10010.0;0.0
1;3100;ASH_COATED_OSMIUM;10001;10;;;;;10017;10;10020;25;;;10009.0;0.0
1;3100;INTARIAN_PEPPER_ROOT;10585;11;10582;21;;;10599;11;;;;;10592.0;0.0
1;3200;INTARIAN_PEPPER_ROOT;10585;9;10582;25;;;10599;9;10602;25;;;10592.0;0.0
1;3200;ASH_COATED_OSMIUM;10001;12;9999;28;;;10017;12;10020;28;;;10009.0;0.0
1;3300;INTARIAN_PEPPER_ROOT;10585;10;10582;17;;;10599;10;10603;17;;;10592.0;0.0
1;3300;ASH_COATED_OSMIUM;10001;12;;;;;10017;12;10020;26;;;10009.0;0.0
1;3400;INTARIAN_PEPPER_ROOT;10585;12;10582;24;;;10599;12;10603;24;;;10592.0;0.0
1;3400;ASH_COATED_OSMIUM;10001;11;9999;25;;;10017;11;10020;25;;;10009.0;0.0
1;3500;ASH_COATED_OSMIUM;9999;21;;;;;10017;10;10020;21;;;10008.0;0.0
1;3500;INTARIAN_PEPPER_ROOT;10585;11;10582;25;;;10600;11;10603;25;;;10592.5;0.0
1;3600;ASH_COATED_OSMIUM;10001;10;9998;30;;;10017;10;10019;30;;;10009.0;0.0
1;3600;INTARIAN_PEPPER_ROOT;10586;10;;;;;10600;10;10603;22;;;10593.0;0.0
1;3700;INTARIAN_PEPPER_ROOT;10586;8;10582;25;;;10600;8;10603;25;;;10593.0;0.0
1;3700;ASH_COATED_OSMIUM;10000;15;;;;;10016;15;10019;24;;;10008.0;0.0
1;3800;ASH_COATED_OSMIUM;10006;5;10001;13;;;10019;29;;;;;10012.5;0.0
1;3800;INTARIAN_PEPPER_ROOT;10585;10;10582;19;;;10599;10;10602;19;;;10592.0;0.0
1;3900;ASH_COATED_OSMIUM;10001;13;;;;;10017;13;10019;26;;;10009.0;0.0
1;3900;INTARIAN_PEPPER_ROOT;10585;9;10582;25;;;10599;9;10602;25;;;10592.0;0.0
1;4000;ASH_COATED_OSMIUM;9998;30;;;;;10016;15;10019;30;;;10007.0;0.0
1;4000;INTARIAN_PEPPER_ROOT;10585;12;;;;;10599;12;;;;;10592.0;0.0
1;4100;INTARIAN_PEPPER_ROOT;10585;8;10582;25;;;10599;8;10602;25;;;10592.0;0.0
1;4100;ASH_COATED_OSMIUM;10006;3;10000;14;9998;25;10016;14;10019;25;;;10011.0;0.0
1;4200;ASH_COATED_OSMIUM;10001;10;9998;26;;;10017;10;;;;;10009.0;0.0
1;4200;INTARIAN_PEPPER_ROOT;10585;10;10582;19;;;10599;10;10602;19;;;10592.0;0.0
1;4300;ASH_COATED_OSMIUM;9999;24;;;;;10017;12;;;;;10008.0;0.0
1;4300;INTARIAN_PEPPER_ROOT;10585;11;10582;25;;;10599;11;10603;25;;;10592.0;0.0
1;4400;INTARIAN_PEPPER_ROOT;10585;10;;;;;10599;10;10603;22;;;10592.0;0.0
1;4400;ASH_COATED_OSMIUM;10001;10;9999;22;;;10017;10;10020;22;;;10009.0;0.0
1;4500;INTARIAN_PEPPER_ROOT;10584;11;10581;15;;;10599;11;10602;15;;;10591.5;0.0
1;4500;ASH_COATED_OSMIUM;10002;14;9999;26;;;10018;14;10020;26;;;10010.0;0.0
1;4600;INTARIAN_PEPPER_ROOT;10585;9;10581;22;;;10599;9;10602;22;;;10592.0;0.0
1;4600;ASH_COATED_OSMIUM;10002;15;9999;21;;;10018;15;10020;21;;;10010.0;0.0
1;4700;ASH_COATED_OSMIUM;10001;14;9999;27;;;10017;14;10020;27;;;10009.0;0.0
1;4700;INTARIAN_PEPPER_ROOT;10585;12;10581;15;;;10599;12;10602;15;;;10592.0;0.0
1;4800;INTARIAN_PEPPER_ROOT;10585;11;10582;21;;;10594;4;10602;21;;;10589.5;0.0
1;4800;ASH_COATED_OSMIUM;9998;28;;;;;10017;10;10019;28;;;10007.5;0.0
1;4900;INTARIAN_PEPPER_ROOT;10585;12;;;;;10599;12;10602;16;;;10592.0;0.0
1;4900;ASH_COATED_OSMIUM;10001;15;9999;27;;;10017;15;10020;27;;;10009.0;0.0
1;5000;INTARIAN_PEPPER_ROOT;10585;10;10582;23;;;;;;;;;10585.0;0.0
1;5000;ASH_COATED_OSMIUM;10001;12;9999;29;;;10017;12;10020;29;;;10009.0;0.0
1;5100;ASH_COATED_OSMIUM;9998;24;;;;;10017;11;10019;24;;;10007.5;0.0
1;5100;INTARIAN_PEPPER_ROOT;10585;11;10582;25;;;10599;11;;;;;10592.0;0.0
1;5200;INTARIAN_PEPPER_ROOT;10584;12;10581;19;;;;;;;;;10584.0;0.0
1;5200;ASH_COATED_OSMIUM;9998;29;;;;;10017;15;;;;;10007.5;0.0
1;5300;INTARIAN_PEPPER_ROOT;10584;8;10581;21;;;10598;8;10602;21;;;10591.0;0.0
1;5300;ASH_COATED_OSMIUM;9999;21;;;;;10017;15;10020;21;;;10008.0;0.0
1;5400;INTARIAN_PEPPER_ROOT;10584;8;10581;16;;;10598;8;10602;16;;;10591.0;0.0
1;5400;ASH_COATED_OSMIUM;10001;14;9999;20;;;10020;20;;;;;10010.5;0.0
1;5500;ASH_COATED_OSMIUM;10001;13;9999;28;;;10020;28;;;;;10010.5;0.0
1;5500;INTARIAN_PEPPER_ROOT;10584;10;10581;24;;;10602;24;;;;;10593.0;0.0
1;5600;INTARIAN_PEPPER_ROOT;10585;11;10581;19;;;10599;11;;;;;10592.0;0.0
1;5600;ASH_COATED_OSMIUM;10001;14;;;;;10017;14;10019;21;;;10009.0;0.0
1;5700;INTARIAN_PEPPER_ROOT;10585;8;10581;19;;;10599;8;10602;19;;;10592.0;0.0
1;5700;ASH_COATED_OSMIUM;10001;12;9998;29;;;10017;12;10019;29;;;10009.0;0.0
1;5800;INTARIAN_PEPPER_ROOT;10582;22;;;;;10602;22;;;;;10592.0;0.0
1;5800;ASH_COATED_OSMIUM;10001;10;;;;;10017;10;10020;28;;;10009.0;0.0
1;5900;ASH_COATED_OSMIUM;10002;15;9999;29;;;10018;15;10020;29;;;10010.0;0.0
1;5900;INTARIAN_PEPPER_ROOT;10585;10;10582;23;;;10599;10;10602;23;;;10592.0;0.0
1;6000;INTARIAN_PEPPER_ROOT;10581;19;;;;;10598;11;10601;19;;;10589.5;0.0
1;6000;ASH_COATED_OSMIUM;10001;15;9999;30;;;10017;15;10020;30;;;10009.0;0.0
1;6100;INTARIAN_PEPPER_ROOT;10581;22;;;;;10598;9;10601;22;;;10589.5;0.0
1;6100;ASH_COATED_OSMIUM;9999;28;;;;;10020;28;;;;;10009.5;0.0
1;6200;INTARIAN_PEPPER_ROOT;10584;10;10581;15;;;10598;10;10601;15;;;10591.0;0.0
1;6200;ASH_COATED_OSMIUM;10001;11;9998;20;;;10017;11;;;;;10009.0;0.0
1;6300;ASH_COATED_OSMIUM;9998;22;;;;;10017;12;10019;22;;;10007.5;0.0
1;6300;INTARIAN_PEPPER_ROOT;10584;11;;;;;10598;11;10602;24;;;10591.0;0.0
1;6400;INTARIAN_PEPPER_ROOT;10581;22;;;;;10598;9;10602;22;;;10589.5;0.0
1;6400;ASH_COATED_OSMIUM;10001;14;9998;23;;;10017;14;10019;23;;;10009.0;0.0
1;6500;INTARIAN_PEPPER_ROOT;;;;;;;;;;;;;-2415.0;0.0
1;6500;ASH_COATED_OSMIUM;10001;13;;;;;10017;13;10020;24;;;10009.0;0.0
1;6600;ASH_COATED_OSMIUM;10001;15;9998;25;;;10017;15;10019;25;;;10009.0;0.0
1;6600;INTARIAN_PEPPER_ROOT;10585;12;;;;;;;;;;;10585.0;0.0
1;6700;ASH_COATED_OSMIUM;9998;29;;;;;10019;29;;;;;10008.5;0.0
1;6700;INTARIAN_PEPPER_ROOT;10585;8;10581;22;;;10599;8;10602;22;;;10592.0;0.0
1;6800;ASH_COATED_OSMIUM;10001;10;9998;30;;;10017;10;10019;30;;;10009.0;0.0
1;6800;INTARIAN_PEPPER_ROOT;10584;12;;;;;10598;12;10601;16;;;10591.0;0.0
1;6900;INTARIAN_PEPPER_ROOT;10584;9;10581;19;;;10601;19;;;;;10592.5;0.0
1;6900;ASH_COATED_OSMIUM;10001;12;9998;22;;;10019;22;;;;;10010.0;0.0
1;7000;ASH_COATED_OSMIUM;10001;11;;;;;10017;11;10019;22;;;10009.0;0.0
1;7000;INTARIAN_PEPPER_ROOT;10584;9;10581;24;;;10598;9;10601;24;;;10591.0;0.0
1;7100;ASH_COATED_OSMIUM;9998;25;;;;;10019;25;;;;;10008.5;0.0
1;7100;INTARIAN_PEPPER_ROOT;10584;12;10581;15;;;10598;12;10601;15;;;10591.0;0.0
1;7200;ASH_COATED_OSMIUM;10006;2;10001;11;;;10017;11;10019;20;;;10011.5;0.0
1;7200;INTARIAN_PEPPER_ROOT;10584;9;10581;23;;;10598;9;10601;23;;;10591.0;0.0
1;7300;INTARIAN_PEPPER_ROOT;10584;9;10581;17;;;10598;9;10602;17;;;10591.0;0.0
1;7300;ASH_COATED_OSMIUM;10001;11;9998;21;;;10017;11;10019;21;;;10009.0;0.0
1;7400;ASH_COATED_OSMIUM;10001;15;9998;26;;;10017;15;10019;26;;;10009.0;0.0
1;7400;INTARIAN_PEPPER_ROOT;10584;10;10581;23;;;10598;10;;;;;10591.0;0.0
1;7500;ASH_COATED_OSMIUM;;;;;;;10017;14;10019;21;;;10017.0;0.0
1;7500;INTARIAN_PEPPER_ROOT;10583;9;10580;20;;;10598;9;10601;20;;;10590.5;0.0
1;7600;ASH_COATED_OSMIUM;9999;30;;;;;10007;5;10017;14;10020;30;10003.0;0.0
1;7600;INTARIAN_PEPPER_ROOT;10584;9;10580;19;;;10598;9;10601;19;;;10591.0;0.0
1;7700;INTARIAN_PEPPER_ROOT;10584;8;10580;20;;;10598;8;10601;20;;;10591.0;0.0
1;7700;ASH_COATED_OSMIUM;10001;10;;;;;10017;10;10019;25;;;10009.0;0.0
1;7800;ASH_COATED_OSMIUM;10000;11;9998;22;;;10016;11;10019;22;;;10008.0;0.0
1;7800;INTARIAN_PEPPER_ROOT;10581;17;;;;;10598;12;10601;17;;;10589.5;0.0
1;7900;ASH_COATED_OSMIUM;;;;;;;10016;13;10019;23;;;10016.0;0.0
1;7900;INTARIAN_PEPPER_ROOT;10584;12;10581;23;;;10598;12;10601;23;;;10591.0;0.0
1;8000;ASH_COATED_OSMIUM;10000;15;9997;22;;;10018;22;;;;;10009.0;0.0
1;8000;INTARIAN_PEPPER_ROOT;10584;8;;;;;10601;24;;;;;10592.5;0.0
1;8100;ASH_COATED_OSMIUM;9998;30;;;;;10016;10;10019;30;;;10007.0;0.0
1;8100;INTARIAN_PEPPER_ROOT;10584;9;10581;18;;;10598;9;10601;18;;;10591.0;0.0
1;8200;INTARIAN_PEPPER_ROOT;10584;12;10581;19;;;10598;12;10601;19;;;10591.0;0.0
1;8200;ASH_COATED_OSMIUM;9997;24;;;;;10016;12;10018;24;;;10006.5;0.0
1;8300;ASH_COATED_OSMIUM;10000;15;9998;23;;;10016;15;10019;23;;;10008.0;0.0
1;8300;INTARIAN_PEPPER_ROOT;10583;8;;;;;10597;8;10601;24;;;10590.0;0.0
1;8400;ASH_COATED_OSMIUM;9999;23;;;;;10017;13;10020;23;;;10008.0;0.0
1;8400;INTARIAN_PEPPER_ROOT;10583;9;10580;24;;;10597;9;10601;24;;;10590.0;0.0
1;8500;ASH_COATED_OSMIUM;10001;14;9998;21;;;10017;14;10019;21;;;10009.0;0.0
1;8500;INTARIAN_PEPPER_ROOT;10583;10;10580;19;;;10598;10;;;;;10590.5;0.0
1;8600;INTARIAN_PEPPER_ROOT;10584;10;10580;22;;;10598;10;10601;22;;;10591.0;0.0
1;8600;ASH_COATED_OSMIUM;10001;13;9998;24;;;10017;13;10019;24;;;10009.0;0.0
1;8700;INTARIAN_PEPPER_ROOT;10584;9;10580;17;;;10601;17;;;;;10592.5;0.0
1;8700;ASH_COATED_OSMIUM;10001;11;9998;30;;;10017;11;10019;30;;;10009.0;0.0
1;8800;ASH_COATED_OSMIUM;9998;22;;;;;10019;22;;;;;10008.5;0.0
1;8800;INTARIAN_PEPPER_ROOT;10584;10;10581;23;;;10601;23;;;;;10592.5;0.0
1;8900;INTARIAN_PEPPER_ROOT;10584;8;10581;24;;;10598;8;10601;24;;;10591.0;0.0
1;8900;ASH_COATED_OSMIUM;9998;27;;;;;10010;5;10017;11;10019;27;10004.0;0.0
1;9000;INTARIAN_PEPPER_ROOT;10584;12;10581;22;;;10598;12;;;;;10591.0;0.0
1;9000;ASH_COATED_OSMIUM;;;;;;;10017;14;10019;20;;;10017.0;0.0
1;9100;INTARIAN_PEPPER_ROOT;10584;12;10581;20;;;10598;12;10601;20;;;10591.0;0.0
1;9100;ASH_COATED_OSMIUM;10006;4;10000;12;9998;25;10016;12;;;;;10011.0;0.0
1;9200;ASH_COATED_OSMIUM;9998;21;;;;;10016;12;10019;21;;;10007.0;0.0
1;9200;INTARIAN_PEPPER_ROOT;10583;12;10580;15;;;10600;15;;;;;10591.5;0.0
1;9300;INTARIAN_PEPPER_ROOT;10583;11;10580;23;;;10597;11;10601;23;;;10590.0;0.0
1;9300;ASH_COATED_OSMIUM;10000;12;;;;;10016;12;10019;23;;;10008.0;0.0
1;9400;INTARIAN_PEPPER_ROOT;10583;11;10580;24;;;10601;24;;;;;10592.0;0.0
1;9400;ASH_COATED_OSMIUM;10000;10;9998;30;;;10006;10;10016;10;10019;30;10003.0;0.0
1;9500;INTARIAN_PEPPER_ROOT;10580;20;;;;;10598;11;10601;20;;;10589.0;0.0
1;9500;ASH_COATED_OSMIUM;9999;14;9997;27;;;10015;14;10018;27;;;10007.0;0.0
1;9600;ASH_COATED_OSMIUM;9999;10;9997;30;;;10015;10;10018;30;;;10007.0;0.0
1;9600;INTARIAN_PEPPER_ROOT;10584;12;10580;20;;;10598;12;10601;20;;;10591.0;0.0
1;9700;INTARIAN_PEPPER_ROOT;10584;10;10580;23;;;10598;10;10601;23;;;10591.0;0.0
1;9700;ASH_COATED_OSMIUM;9997;26;;;;;10018;26;;;;;10007.5;0.0
1;9800;INTARIAN_PEPPER_ROOT;10584;11;10581;16;;;10598;11;;;;;10591.0;0.0
1;9800;ASH_COATED_OSMIUM;9999;13;9997;29;;;10015;13;10018;29;;;10007.0;0.0
1;9900;INTARIAN_PEPPER_ROOT;10584;12;10581;17;;;10586;8;10598;12;;;10585.0;0.0
1;9900;ASH_COATED_OSMIUM;9999;11;9996;29;;;10015;11;10017;29;;;10007.0;0.0
1;10000;ASH_COATED_OSMIUM;9999;13;9997;23;;;10015;13;10018;23;;;10007.0;0.0
1;10000;INTARIAN_PEPPER_ROOT;10583;12;10580;18;;;10597;12;10600;18;;;10590.0;0.0
1;10100;INTARIAN_PEPPER_ROOT;10583;12;;;;;;;;;;;10583.0;0.0
1;10100;ASH_COATED_OSMIUM;9999;10;9996;22;;;10015;10;10017;22;;;10007.0;0.0
1;10200;INTARIAN_PEPPER_ROOT;10583;10;10580;20;;;10597;10;;;;;10590.0;0.0
1;10200;ASH_COATED_OSMIUM;9999;11;9997;23;;;10018;23;;;;;10008.5;0.0
1;10300;INTARIAN_PEPPER_ROOT;;;;;;;10597;9;10601;15;;;10597.0;0.0
1;10300;ASH_COATED_OSMIUM;10000;12;9997;21;;;10016;12;10018;21;;;10008.0;0.0
1;10400;ASH_COATED_OSMIUM;10000;12;9997;21;;;10018;21;;;;;10009.0;0.0
1;10400;INTARIAN_PEPPER_ROOT;10583;8;10580;23;;;10597;8;10601;23;;;10590.0;0.0
1;10500;INTARIAN_PEPPER_ROOT;10580;19;;;;;10601;19;;;;;10590.5;0.0
1;10500;ASH_COATED_OSMIUM;9999;11;9997;29;;;10015;11;10018;29;;;10007.0;0.0
1;10600;INTARIAN_PEPPER_ROOT;10584;12;10580;16;;;10598;12;10601;16;;;10591.0;0.0
1;10600;ASH_COATED_OSMIUM;10000;11;9997;26;;;10016;11;10018;26;;;10008.0;0.0
1;10700;INTARIAN_PEPPER_ROOT;10594;4;10584;12;10580;22;10598;12;10601;22;;;10596.0;0.0
1;10700;ASH_COATED_OSMIUM;10009;5;9999;13;9997;21;;;;;;;10009.0;0.0
1;10800;ASH_COATED_OSMIUM;9999;12;9996;23;;;10015;12;10017;23;;;10007.0;0.0
1;10800;INTARIAN_PEPPER_ROOT;10583;9;10580;20;;;10597;9;10600;20;;;10590.0;0.0
1;10900;ASH_COATED_OSMIUM;9999;13;;;;;10015;13;10017;30;;;10007.0;0.0
1;10900;INTARIAN_PEPPER_ROOT;10583;9;10580;18;;;10597;9;;;;;10590.0;0.0
1;11000;INTARIAN_PEPPER_ROOT;10583;9;10580;16;;;10597;9;;;;;10590.0;0.0
1;11000;ASH_COATED_OSMIUM;9998;11;9995;24;;;10007;5;10014;11;10016;24;10002.5;0.0
1;11100;INTARIAN_PEPPER_ROOT;10583;9;10580;22;;;10597;9;10600;22;;;10590.0;0.0
1;11100;ASH_COATED_OSMIUM;9998;14;9995;25;;;10014;14;10016;25;;;10006.0;0.0
1;11200;INTARIAN_PEPPER_ROOT;10580;24;;;;;10597;8;10600;24;;;10588.5;0.0
1;11200;ASH_COATED_OSMIUM;9998;10;;;;;10014;10;10016;26;;;10006.0;0.0
1;11300;ASH_COATED_OSMIUM;9997;12;9995;29;;;10013;12;10016;29;;;10005.0;0.0
1;11300;INTARIAN_PEPPER_ROOT;10583;10;10580;18;;;10597;10;10601;18;;;10590.0;0.0
1;11400;INTARIAN_PEPPER_ROOT;10583;11;10580;18;;;10601;18;;;;;10592.0;0.0
1;11400;ASH_COATED_OSMIUM;9997;15;9995;22;;;10013;15;10016;22;;;10005.0;0.0
1;11500;INTARIAN_PEPPER_ROOT;10583;8;10580;25;;;10598;8;;;;;10590.5;0.0
1;11500;ASH_COATED_OSMIUM;9997;15;9994;27;;;10013;15;10015;27;;;10005.0;0.0
1;11600;INTARIAN_PEPPER_ROOT;10584;12;10580;23;;;10598;12;10601;23;;;10591.0;0.0
1;11600;ASH_COATED_OSMIUM;9997;11;9995;30;;;10013;11;10016;30;;;10005.0;0.0
1;11700;ASH_COATED_OSMIUM;9998;15;9995;22;;;10014;15;10016;22;;;10006.0;0.0
1;11700;INTARIAN_PEPPER_ROOT;10583;10;10579;17;;;;;;;;;10583.0;0.0
1;11800;INTARIAN_PEPPER_ROOT;10583;8;10580;17;;;10597;8;10600;17;;;10590.0;0.0
1;11800;ASH_COATED_OSMIUM;9997;14;9995;25;;;10016;25;;;;;10006.5;0.0
1;11900;INTARIAN_PEPPER_ROOT;10583;10;10580;20;;;10597;10;10600;20;;;10590.0;0.0
1;11900;ASH_COATED_OSMIUM;9997;11;;;;;10015;20;;;;;10006.0;0.0
1;12000;INTARIAN_PEPPER_ROOT;10583;10;10580;25;;;10597;10;10600;25;;;10590.0;0.0
1;12000;ASH_COATED_OSMIUM;9997;10;;;;;10013;10;10015;22;;;10005.0;0.0
1;12100;ASH_COATED_OSMIUM;9998;14;;;;;;;;;;;9998.0;0.0
1;12100;INTARIAN_PEPPER_ROOT;10580;24;;;;;10597;12;;;;;10588.5;0.0
1;12200;INTARIAN_PEPPER_ROOT;10583;10;;;;;10597;10;10600;22;;;10590.0;0.0
1;12200;ASH_COATED_OSMIUM;9997;13;9995;24;;;10016;24;;;;;10006.5;0.0
1;12300;INTARIAN_PEPPER_ROOT;10580;23;;;;;10597;11;10601;23;;;10588.5;0.0
1;12300;ASH_COATED_OSMIUM;9997;11;9995;20;;;10016;20;;;;;10006.5;0.0
1;12400;ASH_COATED_OSMIUM;9997;14;9995;28;;;10013;14;10016;28;;;10005.0;0.0
1;12400;INTARIAN_PEPPER_ROOT;10583;12;10580;25;;;10597;12;10601;25;;;10590.0;0.0
1;12500;ASH_COATED_OSMIUM;9997;15;;;;;10013;15;10015;22;;;10005.0;0.0
1;12500;INTARIAN_PEPPER_ROOT;10583;8;;;;;10598;8;10601;16;;;10590.5;0.0
1;12600;ASH_COATED_OSMIUM;9997;11;9994;28;;;10013;11;10015;28;;;10005.0;0.0
1;12600;INTARIAN_PEPPER_ROOT;10579;18;;;;;10585;3;10597;10;10600;18;10582.0;0.0
1;12700;INTARIAN_PEPPER_ROOT;10583;11;10579;20;;;10597;11;10600;20;;;10590.0;0.0
1;12700;ASH_COATED_OSMIUM;9994;23;;;;;10013;15;10015;23;;;10003.5;0.0
1;12800;ASH_COATED_OSMIUM;9997;15;9994;23;;;10013;15;10015;23;;;10005.0;0.0
1;12800;INTARIAN_PEPPER_ROOT;10583;11;10580;19;;;10597;11;10600;19;;;10590.0;0.0
1;12900;ASH_COATED_OSMIUM;9997;14;9994;29;;;10013;14;10015;29;;;10005.0;0.0
1;12900;INTARIAN_PEPPER_ROOT;10580;20;;;;;10597;10;;;;;10588.5;0.0
1;13000;ASH_COATED_OSMIUM;9997;13;9994;25;;;10013;13;10015;25;;;10005.0;0.0
1;13000;INTARIAN_PEPPER_ROOT;10583;11;;;;;10597;11;10600;20;;;10590.0;0.0
1;13100;INTARIAN_PEPPER_ROOT;10583;12;10580;16;;;10597;12;10600;16;;;10590.0;0.0
1;13100;ASH_COATED_OSMIUM;9997;15;;;;;10013;15;;;;;10005.0;0.0
1;13200;INTARIAN_PEPPER_ROOT;10583;12;10580;20;;;10597;12;10600;20;;;10590.0;0.0
1;13200;ASH_COATED_OSMIUM;9997;12;9994;20;;;10013;12;10015;20;;;10005.0;0.0
1;13300;ASH_COATED_OSMIUM;9997;15;9994;29;;;10015;29;;;;;10006.0;0.0
1;13300;INTARIAN_PEPPER_ROOT;10583;12;10580;25;;;10597;12;10601;25;;;10590.0;0.0
1;13400;INTARIAN_PEPPER_ROOT;10583;8;10580;24;;;10597;8;;;;;10590.0;0.0
1;13400;ASH_COATED_OSMIUM;9996;12;9994;29;;;;;;;;;9996.0;0.0
1;13500;INTARIAN_PEPPER_ROOT;10582;9;10579;21;;;10600;21;;;;;10591.0;0.0
1;13500;ASH_COATED_OSMIUM;9996;15;9994;21;;;10012;15;10015;21;;;10004.0;0.0
1;13600;INTARIAN_PEPPER_ROOT;10583;12;10579;22;;;10597;12;10600;22;;;10590.0;0.0
1;13600;ASH_COATED_OSMIUM;9997;11;9994;30;;;10015;30;;;;;10006.0;0.0
1;13700;ASH_COATED_OSMIUM;9994;29;;;;;10015;29;;;;;10004.5;0.0
1;13700;INTARIAN_PEPPER_ROOT;10583;12;10579;22;;;10597;12;;;;;10590.0;0.0
1;13800;INTARIAN_PEPPER_ROOT;10583;11;10580;17;;;;;;;;;10583.0;0.0
1;13800;ASH_COATED_OSMIUM;9996;12;;;;;;;;;;;9996.0;0.0
1;13900;INTARIAN_PEPPER_ROOT;10583;12;10580;15;;;10597;12;;;;;10590.0;0.0
1;13900;ASH_COATED_OSMIUM;9993;20;;;;;10012;12;10014;20;;;10002.5;0.0
1;14000;INTARIAN_PEPPER_ROOT;10583;9;10580;21;;;10600;21;;;;;10591.5;0.0
1;14000;ASH_COATED_OSMIUM;;;;;;;10012;15;;;;;10012.0;0.0
1;14100;ASH_COATED_OSMIUM;9996;14;9994;27;;;10015;27;;;;;10005.5;0.0
1;14100;INTARIAN_PEPPER_ROOT;10583;9;;;;;10597;9;;;;;10590.0;0.0
1;14200;INTARIAN_PEPPER_ROOT;10583;11;10580;23;;;10600;23;;;;;10591.5;0.0
1;14200;ASH_COATED_OSMIUM;9996;15;9994;26;;;10012;15;10015;26;;;10004.0;0.0
1;14300;INTARIAN_PEPPER_ROOT;10583;12;10580;18;;;10597;12;10601;18;;;10590.0;0.0
1;14300;ASH_COATED_OSMIUM;9996;13;9994;30;;;10012;13;10015;30;;;10004.0;0.0
1;14400;INTARIAN_PEPPER_ROOT;10582;10;10579;22;;;10592;11;10596;10;10600;22;10587.0;0.0
1;14400;ASH_COATED_OSMIUM;9996;10;9994;26;;;10012;10;10015;26;;;10004.0;0.0
1;14500;ASH_COATED_OSMIUM;9996;10;9994;20;;;10006;5;10012;10;10015;20;10001.0;0.0
1;14500;INTARIAN_PEPPER_ROOT;10579;19;;;;;10597;11;10600;19;;;10588.0;0.0
1;14600;INTARIAN_PEPPER_ROOT;10583;12;10579;19;;;10597;12;10600;19;;;10590.0;0.0
1;14600;ASH_COATED_OSMIUM;9996;15;9993;22;;;10012;15;10014;22;;;10004.0;0.0
1;14700;INTARIAN_PEPPER_ROOT;10583;9;10579;16;;;10597;9;10600;16;;;10590.0;0.0
1;14700;ASH_COATED_OSMIUM;9996;12;9993;26;;;10005;4;10012;12;10014;26;10000.5;0.0
1;14800;INTARIAN_PEPPER_ROOT;10583;8;;;;;;;;;;;10583.0;0.0
1;14800;ASH_COATED_OSMIUM;9995;14;9993;23;;;10011;14;10014;23;;;10003.0;0.0
1;14900;ASH_COATED_OSMIUM;9996;13;;;;;10014;20;;;;;10005.0;0.0
1;14900;INTARIAN_PEPPER_ROOT;10583;11;10580;18;;;10597;11;10600;18;;;10590.0;0.0
1;15000;INTARIAN_PEPPER_ROOT;10583;11;;;;;10597;11;10600;18;;;10590.0;0.0
1;15000;ASH_COATED_OSMIUM;9994;25;;;;;10006;3;10012;13;10015;25;10000.0;0.0
1;15100;INTARIAN_PEPPER_ROOT;10583;10;10580;16;;;10597;10;10600;16;;;10590.0;0.0
1;15100;ASH_COATED_OSMIUM;9994;26;;;;;10013;11;;;;;10003.5;0.0
1;15200;INTARIAN_PEPPER_ROOT;10583;12;;;;;10600;23;;;;;10591.5;0.0
1;15200;ASH_COATED_OSMIUM;9997;10;9995;25;;;10016;25;;;;;10006.5;0.0
1;15300;ASH_COATED_OSMIUM;9997;11;9994;24;;;10013;11;;;;;10005.0;0.0
1;15300;INTARIAN_PEPPER_ROOT;10583;11;10580;25;;;10597;11;10601;25;;;10590.0;0.0
1;15400;ASH_COATED_OSMIUM;9998;14;9995;23;;;10016;23;;;;;10007.0;0.0
1;15400;INTARIAN_PEPPER_ROOT;10582;9;10579;24;;;10596;9;;;;;10589.0;0.0
1;15500;INTARIAN_PEPPER_ROOT;10582;12;10579;16;;;10597;12;10600;16;;;10589.5;0.0
1;15500;ASH_COATED_OSMIUM;10007;10;9998;10;9995;22;10014;10;10016;22;;;10010.5;0.0
1;15600;ASH_COATED_OSMIUM;9998;11;9995;23;;;10014;11;10016;23;;;10006.0;0.0
1;15600;INTARIAN_PEPPER_ROOT;;;;;;;;;;;;;-2426.0;0.0
1;15700;ASH_COATED_OSMIUM;9998;15;9995;20;;;10014;15;10016;20;;;10006.0;0.0
1;15700;INTARIAN_PEPPER_ROOT;10583;9;10579;23;;;10597;9;10600;23;;;10590.0;0.0
1;15800;ASH_COATED_OSMIUM;9997;15;;;;;10016;23;;;;;10006.5;0.0
1;15800;INTARIAN_PEPPER_ROOT;10583;8;10580;16;;;10597;8;;;;;10590.0;0.0
1;15900;INTARIAN_PEPPER_ROOT;10583;12;10580;23;;;10597;12;10600;23;;;10590.0;0.0
1;15900;ASH_COATED_OSMIUM;9998;10;9995;30;;;10014;10;10016;30;;;10006.0;0.0
1;16000;ASH_COATED_OSMIUM;9995;23;;;;;10016;23;;;;;10005.5;0.0
1;16000;INTARIAN_PEPPER_ROOT;10583;9;10580;17;;;10597;9;10600;17;;;10590.0;0.0
1;16100;ASH_COATED_OSMIUM;10003;4;9997;13;9995;25;10013;13;10016;25;;;10008.0;0.0
1;16100;INTARIAN_PEPPER_ROOT;10580;25;;;;;10597;9;10600;25;;;10588.5;0.0
1;16200;ASH_COATED_OSMIUM;9998;12;9995;21;;;10014;12;10016;21;;;10006.0;0.0
1;16200;INTARIAN_PEPPER_ROOT;10580;24;;;;;10597;12;10600;24;;;10588.5;0.0
1;16300;INTARIAN_PEPPER_ROOT;10594;5;10583;8;10580;16;10597;8;;;;;10595.5;0.0
1;16300;ASH_COATED_OSMIUM;9998;13;9995;22;;;10014;13;;;;;10006.0;0.0
1;16400;ASH_COATED_OSMIUM;9998;13;9995;26;;;10014;13;;;;;10006.0;0.0
1;16400;INTARIAN_PEPPER_ROOT;10582;9;10579;21;;;10596;9;10600;21;;;10589.0;0.0
1;16500;ASH_COATED_OSMIUM;9995;22;;;;;10014;15;10016;22;;;10004.5;0.0
1;16500;INTARIAN_PEPPER_ROOT;10582;11;10579;19;;;10597;11;10600;19;;;10589.5;0.0
1;16600;ASH_COATED_OSMIUM;9998;15;9995;27;;;10014;15;10016;27;;;10006.0;0.0
1;16600;INTARIAN_PEPPER_ROOT;10579;25;;;;;10597;12;10600;25;;;10588.0;0.0
1;16700;INTARIAN_PEPPER_ROOT;;;;;;;10597;10;;;;;10597.0;0.0
1;16700;ASH_COATED_OSMIUM;9999;13;9996;30;;;10015;13;10017;30;;;10007.0;0.0
1;16800;ASH_COATED_OSMIUM;9998;10;9996;26;;;10014;10;10017;26;;;10006.0;0.0
1;16800;INTARIAN_PEPPER_ROOT;10583;8;10580;23;;;10597;8;10600;23;;;10590.0;0.0
1;16900;ASH_COATED_OSMIUM;;;;;;;;;;;;;0.0;0.0
1;16900;INTARIAN_PEPPER_ROOT;10580;17;;;;;10597;10;10600;17;;;10588.5;0.0
1;17000;ASH_COATED_OSMIUM;9998;11;9996;27;;;10014;11;;;;;10006.0;0.0
1;17000;INTARIAN_PEPPER_ROOT;10583;9;10580;15;;;10597;9;10600;15;;;10590.0;0.0
1;17100;ASH_COATED_OSMIUM;9998;12;9996;25;;;10014;12;10017;25;;;10006.0;0.0
1;17100;INTARIAN_PEPPER_ROOT;10583;11;10580;17;;;10597;11;10600;17;;;10590.0;0.0
1;17200;INTARIAN_PEPPER_ROOT;10583;9;10580;19;;;10597;9;10600;19;;;10590.0;0.0
1;17200;ASH_COATED_OSMIUM;9998;13;9995;24;;;10014;13;;;;;10006.0;0.0
1;17300;ASH_COATED_OSMIUM;9995;29;;;;;10014;12;10016;29;;;10004.5;0.0
1;17300;INTARIAN_PEPPER_ROOT;10580;22;;;;;10601;22;;;;;10590.5;0.0
1;17400;ASH_COATED_OSMIUM;9997;11;9995;21;;;10013;11;10016;21;;;10005.0;0.0
1;17400;INTARIAN_PEPPER_ROOT;10582;9;10579;17;;;10585;3;10596;9;10600;17;10583.5;0.0
1;17500;ASH_COATED_OSMIUM;9997;11;9995;27;;;10013;11;;;;;10005.0;0.0
1;17500;INTARIAN_PEPPER_ROOT;10582;9;10579;19;;;10597;9;10600;19;;;10589.5;0.0
1;17600;INTARIAN_PEPPER_ROOT;10583;9;10579;22;;;10597;9;;;;;10590.0;0.0
1;17600;ASH_COATED_OSMIUM;9995;25;;;;;10014;14;10016;25;;;10004.5;0.0
1;17700;INTARIAN_PEPPER_ROOT;10583;8;10579;16;;;10597;8;10600;16;;;10590.0;0.0
1;17700;ASH_COATED_OSMIUM;9995;24;;;;;10014;10;10016;24;;;10004.5;0.0
1;17800;ASH_COATED_OSMIUM;9998;10;9995;23;;;10014;10;;;;;10006.0;0.0
1;17800;INTARIAN_PEPPER_ROOT;10583;8;10580;24;;;10597;8;10600;24;;;10590.0;0.0
1;17900;INTARIAN_PEPPER_ROOT;10583;9;10580;20;;;10597;9;;;;;10590.0;0.0
1;17900;ASH_COATED_OSMIUM;9997;11;9995;22;;;10013;11;;;;;10005.0;0.0
1;18000;INTARIAN_PEPPER_ROOT;10583;9;10580;21;;;10597;9;10600;21;;;10590.0;0.0
1;18000;ASH_COATED_OSMIUM;9995;23;;;;;10013;15;10016;23;;;10004.0;0.0
1;18100;INTARIAN_PEPPER_ROOT;10583;10;10580;25;;;;;;;;;10583.0;0.0
1;18100;ASH_COATED_OSMIUM;9997;11;9995;30;;;10013;11;10016;30;;;10005.0;0.0
1;18200;ASH_COATED_OSMIUM;;;;;;;10013;10;;;;;10013.0;0.0
1;18200;INTARIAN_PEPPER_ROOT;10583;10;10580;15;;;10597;10;10600;15;;;10590.0;0.0
1;18300;INTARIAN_PEPPER_ROOT;10583;12;10580;17;;;10597;12;10601;17;;;10590.0;0.0
1;18300;ASH_COATED_OSMIUM;9997;11;9995;28;;;10013;11;10016;28;;;10005.0;0.0
1;18400;INTARIAN_PEPPER_ROOT;10582;11;10579;25;;;10596;11;10600;25;;;10589.0;0.0
1;18400;ASH_COATED_OSMIUM;9997;10;9995;22;;;10013;10;10016;22;;;10005.0;0.0
1;18500;INTARIAN_PEPPER_ROOT;10582;10;10579;20;;;10597;10;10600;20;;;10589.5;0.0
1;18500;ASH_COATED_OSMIUM;9997;11;;;;;10016;25;;;;;10006.5;0.0
1;18600;ASH_COATED_OSMIUM;9997;11;9995;25;;;10013;11;;;;;10005.0;0.0
1;18600;INTARIAN_PEPPER_ROOT;10583;11;10579;25;;;10597;11;10600;25;;;10590.0;0.0
1;18700;INTARIAN_PEPPER_ROOT;10579;21;;;;;10597;9;10600;21;;;10588.0;0.0
1;18700;ASH_COATED_OSMIUM;9997;13;9995;20;;;10007;2;10013;13;10016;20;10002.0;0.0
1;18800;INTARIAN_PEPPER_ROOT;10580;21;;;;;10597;8;10600;21;;;10588.5;0.0
1;18800;ASH_COATED_OSMIUM;9997;13;9995;29;;;10013;13;10016;29;;;10005.0;0.0
1;18900;INTARIAN_PEPPER_ROOT;10583;10;10580;23;;;10600;23;;;;;10591.5;0.0
1;18900;ASH_COATED_OSMIUM;9997;12;9994;30;;;10006;5;10013;12;10015;30;10001.5;0.0
1;19000;ASH_COATED_OSMIUM;9994;27;;;;;10013;10;10015;27;;;10003.5;0.0
1;19000;INTARIAN_PEPPER_ROOT;10583;12;;;;;10597;12;10600;18;;;10590.0;0.0
1;19100;INTARIAN_PEPPER_ROOT;10583;11;;;;;10597;11;;;;;10590.0;0.0
1;19100;ASH_COATED_OSMIUM;9997;13;9995;29;;;10013;13;10016;29;;;10005.0;0.0
1;19200;INTARIAN_PEPPER_ROOT;10580;16;;;;;10597;9;10600;16;;;10588.5;0.0
1;19200;ASH_COATED_OSMIUM;9995;23;;;;;10016;23;;;;;10005.5;0.0
1;19300;INTARIAN_PEPPER_ROOT;;;;;;;10597;8;10601;23;;;10597.0;0.0
1;19300;ASH_COATED_OSMIUM;;;;;;;10013;15;10015;22;;;10013.0;0.0
1;19400;ASH_COATED_OSMIUM;9997;14;9994;24;;;10013;14;10015;24;;;10005.0;0.0
1;19400;INTARIAN_PEPPER_ROOT;;;;;;;10597;8;10601;22;;;10597.0;0.0
1;19500;INTARIAN_PEPPER_ROOT;10582;8;10579;19;;;10600;19;;;;;10591.0;0.0
1;19500;ASH_COATED_OSMIUM;9997;11;9995;23;;;10013;11;10016;23;;;10005.0;0.0
1;19600;INTARIAN_PEPPER_ROOT;10579;23;;;;;10597;9;10600;23;;;10588.0;0.0
1;19600;ASH_COATED_OSMIUM;9997;11;9995;26;;;10013;11;;;;;10005.0;0.0
1;19700;INTARIAN_PEPPER_ROOT;10583;10;;;;;10597;10;10600;22;;;10590.0;0.0
1;19700;ASH_COATED_OSMIUM;9997;15;9994;25;;;;;;;;;9997.0;0.0
1;19800;INTARIAN_PEPPER_ROOT;10580;16;;;;;10597;10;10600;16;;;10588.5;0.0
1;19800;ASH_COATED_OSMIUM;9996;14;9994;29;;;10012;14;;;;;10004.0;0.0
1;19900;ASH_COATED_OSMIUM;9996;10;9993;26;;;10012;10;10014;26;;;10004.0;0.0
1;19900;INTARIAN_PEPPER_ROOT;10583;12;;;;;10592;11;10597;12;10600;15;10587.5;0.0
1;20000;INTARIAN_PEPPER_ROOT;10583;11;10580;24;;;10600;24;;;;;10591.5;0.0
1;20000;ASH_COATED_OSMIUM;9996;14;9993;21;;;10012;14;10014;21;;;10004.0;0.0
1;20100;INTARIAN_PEPPER_ROOT;10583;11;10580;15;;;10600;15;;;;;10591.5;0.0
1;20100;ASH_COATED_OSMIUM;;;;;;;10014;30;;;;;10014.0;0.0
1;20200;INTARIAN_PEPPER_ROOT;10583;8;10580;15;;;10597;8;10600;15;;;10590.0;0.0
1;20200;ASH_COATED_OSMIUM;;;;;;;10012;14;10015;26;;;10012.0;0.0
1;20300;ASH_COATED_OSMIUM;9996;11;9993;26;;;10014;26;;;;;10005.0;0.0
1;20300;INTARIAN_PEPPER_ROOT;10583;12;10580;22;;;10601;22;;;;;10592.0;0.0
1;20400;INTARIAN_PEPPER_ROOT;10583;8;;;;;10601;17;;;;;10592.0;0.0
1;20400;ASH_COATED_OSMIUM;9995;11;9993;27;;;10011;11;10014;27;;;10003.0;0.0
1;20500;INTARIAN_PEPPER_ROOT;10583;12;10580;22;;;10598;12;;;;;10590.5;0.0
1;20500;ASH_COATED_OSMIUM;9995;10;9993;28;;;10011;10;10014;28;;;10003.0;0.0
1;20600;INTARIAN_PEPPER_ROOT;10583;10;10579;16;;;10597;10;10600;16;;;10590.0;0.0
1;20600;ASH_COATED_OSMIUM;9995;13;9993;25;;;;;;;;;9995.0;0.0
1;20700;ASH_COATED_OSMIUM;9994;15;9992;20;;;10010;15;10013;20;;;10002.0;0.0
1;20700;INTARIAN_PEPPER_ROOT;10583;8;10579;15;;;10597;8;10600;15;;;10590.0;0.0
1;20800;INTARIAN_PEPPER_ROOT;10583;9;;;;;10600;25;;;;;10591.5;0.0
1;20800;ASH_COATED_OSMIUM;9995;10;9992;23;;;10011;10;10013;23;;;10003.0;0.0
1;20900;INTARIAN_PEPPER_ROOT;10583;9;10580;22;;;10600;22;;;;;10591.5;0.0
1;20900;ASH_COATED_OSMIUM;9992;20;;;;;10011;14;10013;20;;;10001.5;0.0
1;21000;INTARIAN_PEPPER_ROOT;10583;10;10580;17;;;10597;10;10600;17;;;10590.0;0.0
1;21000;ASH_COATED_OSMIUM;9994;10;9992;21;;;10013;21;;;;;10003.5;0.0
1;21100;ASH_COATED_OSMIUM;9994;11;9992;26;;;10010;11;10013;26;;;10002.0;0.0
1;21100;INTARIAN_PEPPER_ROOT;10583;10;10580;18;;;10597;10;10600;18;;;10590.0;0.0
1;21200;INTARIAN_PEPPER_ROOT;10583;12;10580;23;;;10597;12;10600;23;;;10590.0;0.0
1;21200;ASH_COATED_OSMIUM;9994;12;9992;25;;;10004;5;10010;12;10013;25;9999.0;0.0
1;21300;INTARIAN_PEPPER_ROOT;10583;10;10580;17;;;10597;10;;;;;10590.0;0.0
1;21300;ASH_COATED_OSMIUM;;;;;;;10011;14;10013;30;;;10011.0;0.0
1;21400;ASH_COATED_OSMIUM;9995;12;9992;24;;;10011;12;10013;24;;;10003.0;0.0
1;21400;INTARIAN_PEPPER_ROOT;10583;10;10580;23;;;10597;10;;;;;10590.0;0.0
1;21500;ASH_COATED_OSMIUM;9996;15;9993;29;;;10014;29;;;;;10005.0;0.0
1;21500;INTARIAN_PEPPER_ROOT;10583;9;10580;20;;;10598;9;;;;;10590.5;0.0
1;21600;ASH_COATED_OSMIUM;;;;;;;10011;14;10014;27;;;10011.0;0.0
1;21600;INTARIAN_PEPPER_ROOT;10580;22;;;;;10598;8;10601;22;;;10589.0;0.0
1;21700;INTARIAN_PEPPER_ROOT;10584;8;10580;23;;;10598;8;10601;23;;;10591.0;0.0
1;21700;ASH_COATED_OSMIUM;;;;;;;;;;;;;0.0;0.0
1;21800;ASH_COATED_OSMIUM;9996;10;9993;23;;;10012;10;10014;23;;;10004.0;0.0
1;21800;INTARIAN_PEPPER_ROOT;10583;8;10580;24;;;10597;8;10600;24;;;10590.0;0.0
1;21900;ASH_COATED_OSMIUM;9995;13;9993;29;;;10014;29;;;;;10004.5;0.0
1;21900;INTARIAN_PEPPER_ROOT;10580;15;;;;;10597;8;10600;15;;;10588.5;0.0
1;22000;ASH_COATED_OSMIUM;9993;27;;;;;10014;27;;;;;10003.5;0.0
1;22000;INTARIAN_PEPPER_ROOT;10583;9;10580;17;;;10597;9;10600;17;;;10590.0;0.0
1;22100;INTARIAN_PEPPER_ROOT;10583;12;;;;;10597;12;10600;21;;;10590.0;0.0
1;22100;ASH_COATED_OSMIUM;9993;29;;;;;10012;11;10014;29;;;10002.5;0.0
1;22200;INTARIAN_PEPPER_ROOT;10583;12;10580;16;;;10600;16;;;;;10591.5;0.0
1;22200;ASH_COATED_OSMIUM;9995;11;9993;28;;;10011;11;;;;;10003.0;0.0
1;22300;ASH_COATED_OSMIUM;9995;15;;;;;10011;15;10014;28;;;10003.0;0.0
1;22300;INTARIAN_PEPPER_ROOT;10583;12;10580;23;;;10597;12;10601;23;;;10590.0;0.0
1;22400;INTARIAN_PEPPER_ROOT;10583;10;10580;25;;;10597;10;10601;25;;;10590.0;0.0
1;22400;ASH_COATED_OSMIUM;9993;26;;;;;10011;11;;;;;10002.0;0.0
1;22500;INTARIAN_PEPPER_ROOT;10583;10;10580;25;;;10598;10;10601;25;;;10590.5;0.0
1;22500;ASH_COATED_OSMIUM;9995;14;9993;27;;;10011;14;10014;27;;;10003.0;0.0
1;22600;INTARIAN_PEPPER_ROOT;10584;9;10580;17;;;10598;9;;;;;10591.0;0.0
1;22600;ASH_COATED_OSMIUM;9995;11;9993;28;;;10011;11;10014;28;;;10003.0;0.0
1;22700;ASH_COATED_OSMIUM;9995;10;;;;;10011;10;10014;30;;;10003.0;0.0
1;22700;INTARIAN_PEPPER_ROOT;10584;9;10580;19;;;10598;9;10601;19;;;10591.0;0.0
1;22800;INTARIAN_PEPPER_ROOT;10584;11;10581;19;;;10601;19;;;;;10592.5;0.0
1;22800;ASH_COATED_OSMIUM;9995;14;9993;25;;;10014;25;;;;;10004.5;0.0
1;22900;INTARIAN_PEPPER_ROOT;10580;25;;;;;10597;10;10600;25;;;10588.5;0.0
1;22900;ASH_COATED_OSMIUM;9993;26;;;;;10012;11;10014;26;;;10002.5;0.0
1;23000;INTARIAN_PEPPER_ROOT;10583;11;10580;20;;;10597;11;;;;;10590.0;0.0
1;23000;ASH_COATED_OSMIUM;9995;12;9993;22;;;10011;12;;;;;10003.0;0.0
1;23100;ASH_COATED_OSMIUM;9995;13;9993;29;;;10011;13;10014;29;;;10003.0;0.0
1;23100;INTARIAN_PEPPER_ROOT;10583;10;;;;;10586;4;10600;23;;;10584.5;0.0
1;23200;INTARIAN_PEPPER_ROOT;10583;10;10580;22;;;10600;22;;;;;10591.5;0.0
1;23200;ASH_COATED_OSMIUM;9996;14;9993;27;;;10001;7;10005;2;;;9998.5;0.0
1;23300;INTARIAN_PEPPER_ROOT;10583;8;10580;23;;;10597;8;10601;23;;;10590.0;0.0
1;23300;ASH_COATED_OSMIUM;9996;12;9994;26;;;10012;12;10015;26;;;10004.0;0.0
1;23400;INTARIAN_PEPPER_ROOT;10583;10;10580;23;;;10601;23;;;;;10592.0;0.0
1;23400;ASH_COATED_OSMIUM;9996;11;9994;28;;;;;;;;;9996.0;0.0
1;23500;ASH_COATED_OSMIUM;9996;11;9993;28;;;10012;11;10014;28;;;10004.0;0.0
1;23500;INTARIAN_PEPPER_ROOT;10583;9;;;;;10598;9;10601;21;;;10590.5;0.0
1;23600;INTARIAN_PEPPER_ROOT;10584;10;10580;18;;;10598;10;10601;18;;;10591.0;0.0
1;23600;ASH_COATED_OSMIUM;9996;15;9994;21;;;10012;15;;;;;10004.0;0.0
1;23700;INTARIAN_PEPPER_ROOT;10584;8;10580;16;;;10598;8;10601;16;;;10591.0;0.0
1;23700;ASH_COATED_OSMIUM;9993;30;;;;;10012;11;10014;30;;;10002.5;0.0
1;23800;INTARIAN_PEPPER_ROOT;10584;9;10581;18;;;10598;9;10601;18;;;10591.0;0.0
1;23800;ASH_COATED_OSMIUM;9993;27;;;;;;;;;;;9993.0;0.0
1;23900;ASH_COATED_OSMIUM;9996;15;9994;29;;;10015;29;;;;;10005.5;0.0
1;23900;INTARIAN_PEPPER_ROOT;10584;12;10581;19;;;10598;12;10601;19;;;10591.0;0.0
1;24000;INTARIAN_PEPPER_ROOT;10584;9;;;;;10598;9;10601;19;;;10591.0;0.0
1;24000;ASH_COATED_OSMIUM;9993;23;;;;;10012;12;10014;23;;;10002.5;0.0
1;24100;INTARIAN_PEPPER_ROOT;10584;10;;;;;10598;10;10601;22;;;10591.0;0.0
1;24100;ASH_COATED_OSMIUM;9996;12;9993;23;;;10012;12;10014;23;;;10004.0;0.0
1;24200;INTARIAN_PEPPER_ROOT;10583;9;10580;20;;;10597;9;10600;20;;;10590.0;0.0
1;24200;ASH_COATED_OSMIUM;9995;11;9993;30;;;10011;11;10014;30;;;10003.0;0.0
1;24300;ASH_COATED_OSMIUM;9995;12;9993;30;;;10011;12;10014;30;;;10003.0;0.0
1;24300;INTARIAN_PEPPER_ROOT;10580;17;;;;;10597;12;10601;17;;;10588.5;0.0
1;24400;ASH_COATED_OSMIUM;9995;14;;;;;10014;20;;;;;10004.5;0.0
1;24400;INTARIAN_PEPPER_ROOT;10583;10;10580;22;;;10597;10;10601;22;;;10590.0;0.0
1;24500;INTARIAN_PEPPER_ROOT;10583;12;10580;15;;;10601;15;;;;;10592.0;0.0
1;24500;ASH_COATED_OSMIUM;9995;11;9993;24;;;10011;11;10014;24;;;10003.0;0.0
1;24600;ASH_COATED_OSMIUM;9995;14;9992;23;;;10011;14;10013;23;;;10003.0;0.0
1;24600;INTARIAN_PEPPER_ROOT;10584;8;10580;17;;;10601;17;;;;;10592.5;0.0
1;24700;ASH_COATED_OSMIUM;9995;12;9992;22;;;10011;12;10013;22;;;10003.0;0.0
1;24700;INTARIAN_PEPPER_ROOT;10580;18;;;;;10598;12;10601;18;;;10589.0;0.0
1;24800;ASH_COATED_OSMIUM;9992;20;;;;;10011;11;10013;20;;;10001.5;0.0
1;24800;INTARIAN_PEPPER_ROOT;10584;11;10581;17;;;10601;17;;;;;10592.5;0.0
1;24900;INTARIAN_PEPPER_ROOT;10584;11;10581;17;;;10598;11;10601;17;;;10591.0;0.0
1;24900;ASH_COATED_OSMIUM;9995;11;9993;28;;;10011;11;;;;;10003.0;0.0
1;25000;ASH_COATED_OSMIUM;9996;14;;;;;10012;14;10014;25;;;10004.0;0.0
1;25000;INTARIAN_PEPPER_ROOT;10584;11;;;;;10598;11;10601;15;;;10591.0;0.0
1;25100;ASH_COATED_OSMIUM;10005;8;9993;30;;;10012;10;10014;30;;;10008.5;0.0
1;25100;INTARIAN_PEPPER_ROOT;10584;12;10581;19;;;10598;12;;;;;10591.0;0.0
1;25200;ASH_COATED_OSMIUM;9995;10;9993;24;;;10011;10;10014;24;;;10003.0;0.0
1;25200;INTARIAN_PEPPER_ROOT;10584;8;;;;;10598;8;10601;17;;;10591.0;0.0
1;25300;INTARIAN_PEPPER_ROOT;10584;10;10581;25;;;10598;10;10602;25;;;10591.0;0.0
1;25300;ASH_COATED_OSMIUM;9995;11;9993;28;;;10011;11;10014;28;;;10003.0;0.0
1;25400;ASH_COATED_OSMIUM;9994;14;9992;28;;;10013;28;;;;;10003.5;0.0
1;25400;INTARIAN_PEPPER_ROOT;10584;11;10581;25;;;10602;25;;;;;10593.0;0.0
1;25500;ASH_COATED_OSMIUM;9994;11;9992;22;;;10010;11;10013;22;;;10002.0;0.0
1;25500;INTARIAN_PEPPER_ROOT;10583;10;;;;;10598;10;10601;24;;;10590.5;0.0
1;25600;ASH_COATED_OSMIUM;9994;14;9992;24;;;10010;14;10013;24;;;10002.0;0.0
1;25600;INTARIAN_PEPPER_ROOT;10584;8;;;;;10598;8;10601;22;;;10591.0;0.0
1;25700;INTARIAN_PEPPER_ROOT;10580;22;;;;;10598;8;10601;22;;;10589.0;0.0
1;25700;ASH_COATED_OSMIUM;9994;14;9991;21;;;10010;14;;;;;10002.0;0.0
1;25800;INTARIAN_PEPPER_ROOT;10584;10;10581;18;;;10598;10;;;;;10591.0;0.0
1;25800;ASH_COATED_OSMIUM;9991;20;;;;;10010;15;;;;;10000.5;0.0
1;25900;ASH_COATED_OSMIUM;9993;12;9991;30;;;10009;12;10012;30;;;10001.0;0.0
1;25900;INTARIAN_PEPPER_ROOT;10584;9;10581;17;;;10598;9;10601;17;;;10591.0;0.0
1;26000;ASH_COATED_OSMIUM;9994;13;9991;21;;;10010;13;10012;21;;;10002.0;0.0
1;26000;INTARIAN_PEPPER_ROOT;10584;9;10581;25;;;10598;9;;;;;10591.0;0.0
1;26100;ASH_COATED_OSMIUM;9993;10;9990;28;;;10009;10;10011;28;;;10001.0;0.0
1;26100;INTARIAN_PEPPER_ROOT;10584;9;10581;21;;;10598;9;10601;21;;;10591.0;0.0
1;26200;INTARIAN_PEPPER_ROOT;10584;10;10581;19;;;10598;10;10601;19;;;10591.0;0.0
1;26200;ASH_COATED_OSMIUM;9993;15;;;;;10009;15;;;;;10001.0;0.0
1;26300;ASH_COATED_OSMIUM;9999;3;9993;13;9991;22;10009;13;;;;;10004.0;0.0
1;26300;INTARIAN_PEPPER_ROOT;10584;11;10581;18;;;10598;11;10602;18;;;10591.0;0.0
1;26400;ASH_COATED_OSMIUM;9990;23;;;;;10009;13;10011;23;;;9999.5;0.0
1;26400;INTARIAN_PEPPER_ROOT;10584;12;10581;15;;;10598;12;10602;15;;;10591.0;0.0
1;26500;INTARIAN_PEPPER_ROOT;10584;8;10581;21;;;10599;8;10602;21;;;10591.5;0.0
1;26500;ASH_COATED_OSMIUM;9990;27;;;;;10011;27;;;;;10000.5;0.0
1;26600;INTARIAN_PEPPER_ROOT;10581;15;;;;;10599;11;10602;15;;;10590.0;0.0
1;26600;ASH_COATED_OSMIUM;9990;27;;;;;;;;;;;9990.0;0.0
1;26700;INTARIAN_PEPPER_ROOT;10585;10;10581;23;;;;;;;;;10585.0;0.0
1;26700;ASH_COATED_OSMIUM;9993;10;;;;;10009;10;;;;;10001.0;0.0
1;26800;ASH_COATED_OSMIUM;9993;15;9990;24;;;9998;8;10011;24;;;9995.5;0.0
1;26800;INTARIAN_PEPPER_ROOT;10585;12;10582;15;;;10599;12;10602;15;;;10592.0;0.0
1;26900;INTARIAN_PEPPER_ROOT;10584;9;;;;;10598;9;10601;18;;;10591.0;0.0
1;26900;ASH_COATED_OSMIUM;9992;10;;;;;10002;2;10008;10;10011;30;9997.0;0.0
1;27000;INTARIAN_PEPPER_ROOT;10584;8;;;;;10598;8;;;;;10591.0;0.0
1;27000;ASH_COATED_OSMIUM;9993;11;9990;26;;;10009;11;10011;26;;;10001.0;0.0
1;27100;INTARIAN_PEPPER_ROOT;10584;9;10581;19;;;10598;9;10601;19;;;10591.0;0.0
1;27100;ASH_COATED_OSMIUM;9993;10;9990;21;;;10009;10;;;;;10001.0;0.0
1;27200;ASH_COATED_OSMIUM;9992;13;;;;;10008;13;10011;22;;;10000.0;0.0
1;27200;INTARIAN_PEPPER_ROOT;10584;12;;;;;10598;12;10601;15;;;10591.0;0.0
1;27300;INTARIAN_PEPPER_ROOT;10584;10;10581;19;;;10598;10;10602;19;;;10591.0;0.0
1;27300;ASH_COATED_OSMIUM;9989;26;;;;;10008;10;10010;26;;;9998.5;0.0
1;27400;INTARIAN_PEPPER_ROOT;10584;12;10581;17;;;10598;12;;;;;10591.0;0.0
1;27400;ASH_COATED_OSMIUM;9992;15;9989;27;;;10008;15;10010;27;;;10000.0;0.0
1;27500;INTARIAN_PEPPER_ROOT;10584;11;10581;15;;;10599;11;10602;15;;;10591.5;0.0
1;27500;ASH_COATED_OSMIUM;9991;10;9989;26;;;10007;10;10010;26;;;9999.0;0.0
1;27600;ASH_COATED_OSMIUM;9989;25;;;;;10008;11;10010;25;;;9998.5;0.0
1;27600;INTARIAN_PEPPER_ROOT;10585;10;10581;25;;;10602;25;;;;;10593.5;0.0
1;27700;INTARIAN_PEPPER_ROOT;10585;8;10581;25;;;10599;8;;;;;10592.0;0.0
1;27700;ASH_COATED_OSMIUM;9992;10;;;;;10008;10;10010;22;;;10000.0;0.0
1;27800;INTARIAN_PEPPER_ROOT;10585;10;10582;17;;;10599;10;10602;17;;;10592.0;0.0
1;27800;ASH_COATED_OSMIUM;9989;22;;;;;10008;15;10010;22;;;9998.5;0.0
1;27900;INTARIAN_PEPPER_ROOT;10585;9;10582;18;;;10599;9;10602;18;;;10592.0;0.0
1;27900;ASH_COATED_OSMIUM;9992;14;9989;22;;;10008;14;10010;22;;;10000.0;0.0
1;28000;ASH_COATED_OSMIUM;10001;4;9992;15;9989;26;10008;15;10010;26;;;10004.5;0.0
1;28000;INTARIAN_PEPPER_ROOT;10585;12;10582;23;;;10599;12;10602;23;;;10592.0;0.0
1;28100;INTARIAN_PEPPER_ROOT;10585;10;10582;20;;;10602;20;;;;;10593.5;0.0
1;28100;ASH_COATED_OSMIUM;9990;22;;;;;10011;22;;;;;10000.5;0.0
1;28200;INTARIAN_PEPPER_ROOT;10585;12;10582;22;;;10599;12;10602;22;;;10592.0;0.0
1;28200;ASH_COATED_OSMIUM;9992;11;9990;23;;;10011;23;;;;;10001.5;0.0
1;28300;INTARIAN_PEPPER_ROOT;10584;8;10581;25;;;10602;25;;;;;10593.0;0.0
1;28300;ASH_COATED_OSMIUM;9992;13;9989;21;;;10008;13;10010;21;;;10000.0;0.0
1;28400;ASH_COATED_OSMIUM;9992;10;9989;21;;;10008;10;10010;21;;;10000.0;0.0
1;28400;INTARIAN_PEPPER_ROOT;10584;10;;;;;10598;10;10602;16;;;10591.0;0.0
1;28500;INTARIAN_PEPPER_ROOT;10584;11;;;;;10602;21;;;;;10593.0;0.0
1;28500;ASH_COATED_OSMIUM;9992;11;9989;26;;;10008;11;;;;;10000.0;0.0
1;28600;INTARIAN_PEPPER_ROOT;10585;10;10581;17;;;10599;10;10602;17;;;10592.0;0.0
1;28600;ASH_COATED_OSMIUM;9991;15;9989;28;;;10007;15;10010;28;;;9999.0;0.0
1;28700;INTARIAN_PEPPER_ROOT;10589;11;10585;10;10581;19;10599;10;10602;19;;;10594.0;0.0
1;28700;ASH_COATED_OSMIUM;9991;11;9989;27;;;10010;27;;;;;10000.5;0.0
1;28800;INTARIAN_PEPPER_ROOT;10585;11;;;;;10599;11;;;;;10592.0;0.0
1;28800;ASH_COATED_OSMIUM;9991;15;9988;30;;;10007;15;;;;;9999.0;0.0
1;28900;ASH_COATED_OSMIUM;9991;14;;;;;10007;14;10009;23;;;9999.0;0.0
1;28900;INTARIAN_PEPPER_ROOT;10585;12;;;;;10602;23;;;;;10593.5;0.0
1;29000;INTARIAN_PEPPER_ROOT;10585;11;;;;;10599;11;10602;19;;;10592.0;0.0
1;29000;ASH_COATED_OSMIUM;9991;10;9989;25;;;10007;10;10010;25;;;9999.0;0.0
1;29100;INTARIAN_PEPPER_ROOT;10585;9;;;;;10599;9;;;;;10592.0;0.0
1;29100;ASH_COATED_OSMIUM;9991;11;9989;30;;;10007;11;10010;30;;;9999.0;0.0
1;29200;INTARIAN_PEPPER_ROOT;;;;;;;10602;24;;;;;10602.0;0.0
1;29200;ASH_COATED_OSMIUM;9991;14;9988;20;;;10007;14;10009;20;;;9999.0;0.0
1;29300;ASH_COATED_OSMIUM;9991;11;9988;21;;;10007;11;10009;21;;;9999.0;0.0
1;29300;INTARIAN_PEPPER_ROOT;10585;10;10582;21;;;10599;10;10603;21;;;10592.0;0.0
1;29400;INTARIAN_PEPPER_ROOT;10585;12;10582;21;;;10599;12;10603;21;;;10592.0;0.0
1;29400;ASH_COATED_OSMIUM;9991;15;9989;24;;;10007;15;10010;24;;;9999.0;0.0
1;29500;INTARIAN_PEPPER_ROOT;10585;11;;;;;10603;15;;;;;10594.0;0.0
1;29500;ASH_COATED_OSMIUM;9991;14;9988;23;;;10007;14;10009;23;;;9999.0;0.0
1;29600;INTARIAN_PEPPER_ROOT;10586;8;10582;18;;;10600;8;10603;18;;;10593.0;0.0
1;29600;ASH_COATED_OSMIUM;9991;10;;;;;10007;10;10009;27;;;9999.0;0.0
1;29700;ASH_COATED_OSMIUM;9988;29;;;;;10009;29;;;;;9998.5;0.0
1;29700;INTARIAN_PEPPER_ROOT;10586;10;10582;19;;;10600;10;10603;19;;;10593.0;0.0
1;29800;INTARIAN_PEPPER_ROOT;10585;10;;;;;10599;10;10602;25;;;10592.0;0.0
1;29800;ASH_COATED_OSMIUM;9991;15;9989;23;;;10007;15;10010;23;;;9999.0;0.0
1;29900;INTARIAN_PEPPER_ROOT;10585;11;10582;20;;;10599;11;10602;20;;;10592.0;0.0
1;29900;ASH_COATED_OSMIUM;;;;;;;10007;12;10010;25;;;10007.0;0.0
1;30000;INTARIAN_PEPPER_ROOT;10585;11;10582;23;;;10599;11;10602;23;;;10592.0;0.0
1;30000;ASH_COATED_OSMIUM;9991;13;9989;26;;;10010;26;;;;;10000.5;0.0
1;30100;ASH_COATED_OSMIUM;9991;13;9989;28;;;10007;13;10010;28;;;9999.0;0.0
1;30100;INTARIAN_PEPPER_ROOT;;;;;;;10602;20;;;;;10602.0;0.0
1;30200;ASH_COATED_OSMIUM;9992;13;9989;24;;;10008;13;10010;24;;;10000.0;0.0
1;30200;INTARIAN_PEPPER_ROOT;10585;12;10582;20;;;;;;;;;10585.0;0.0
1;30300;INTARIAN_PEPPER_ROOT;10585;11;10582;25;;;10599;11;10603;25;;;10592.0;0.0
1;30300;ASH_COATED_OSMIUM;9992;13;;;;;10008;13;;;;;10000.0;0.0
1;30400;ASH_COATED_OSMIUM;9992;15;9990;24;;;10008;15;10011;24;;;10000.0;0.0
1;30400;INTARIAN_PEPPER_ROOT;10585;11;10582;25;;;10599;11;10603;25;;;10592.0;0.0
1;30500;ASH_COATED_OSMIUM;;;;;;;10010;20;;;;;10010.0;0.0
1;30500;INTARIAN_PEPPER_ROOT;10585;10;10582;18;;;10603;18;;;;;10594.0;0.0
1;30600;ASH_COATED_OSMIUM;9989;25;;;;;10008;13;10010;25;;;9998.5;0.0
1;30600;INTARIAN_PEPPER_ROOT;10586;8;;;;;10600;8;;;;;10593.0;0.0
1;30700;INTARIAN_PEPPER_ROOT;10586;10;;;;;10600;10;10603;19;;;10593.0;0.0
1;30700;ASH_COATED_OSMIUM;9990;24;;;;;10008;15;10011;24;;;9999.0;0.0
1;30800;ASH_COATED_OSMIUM;9993;13;9990;29;;;10009;13;10011;29;;;10001.0;0.0
1;30800;INTARIAN_PEPPER_ROOT;10586;8;10583;21;;;10600;8;10603;21;;;10593.0;0.0
1;30900;ASH_COATED_OSMIUM;9992;14;9990;24;;;10011;24;;;;;10001.5;0.0
1;30900;INTARIAN_PEPPER_ROOT;10586;11;10583;22;;;10600;11;10603;22;;;10593.0;0.0
1;31000;INTARIAN_PEPPER_ROOT;10586;8;;;;;;;;;;;10586.0;0.0
1;31000;ASH_COATED_OSMIUM;9992;14;9990;30;;;10008;14;10011;30;;;10000.0;0.0
1;31100;INTARIAN_PEPPER_ROOT;10586;11;10583;17;;;10600;11;10603;17;;;10593.0;0.0
1;31100;ASH_COATED_OSMIUM;9990;26;;;;;10009;13;10011;26;;;9999.5;0.0
1;31200;INTARIAN_PEPPER_ROOT;10586;12;10583;25;;;10600;12;10603;25;;;10593.0;0.0
1;31200;ASH_COATED_OSMIUM;;;;;;;10008;15;10011;26;;;10008.0;0.0
1;31300;ASH_COATED_OSMIUM;9990;26;;;;;10009;15;;;;;9999.5;0.0
1;31300;INTARIAN_PEPPER_ROOT;10586;11;10583;23;;;10600;11;10604;23;;;10593.0;0.0
1;31400;INTARIAN_PEPPER_ROOT;10585;12;10582;22;;;10599;12;10603;22;;;10592.0;0.0
1;31400;ASH_COATED_OSMIUM;9992;12;9990;23;;;10008;12;10011;23;;;10000.0;0.0
1;31500;INTARIAN_PEPPER_ROOT;10585;9;10582;15;;;10600;9;10603;15;;;10592.5;0.0
1;31500;ASH_COATED_OSMIUM;9990;26;;;;;10008;12;;;;;9999.0;0.0
1;31600;INTARIAN_PEPPER_ROOT;10586;12;10582;21;;;10600;12;10603;21;;;10593.0;0.0
1;31600;ASH_COATED_OSMIUM;9992;12;9989;20;;;10008;12;10010;20;;;10000.0;0.0
1;31700;ASH_COATED_OSMIUM;9992;14;;;;;10010;20;;;;;10001.0;0.0
1;31700;INTARIAN_PEPPER_ROOT;10586;11;;;;;10603;21;;;;;10594.5;0.0
1;31800;INTARIAN_PEPPER_ROOT;10586;10;10583;21;;;10600;10;10603;21;;;10593.0;0.0
1;31800;ASH_COATED_OSMIUM;9991;10;9989;29;;;10007;10;10010;29;;;9999.0;0.0
1;31900;INTARIAN_PEPPER_ROOT;10586;10;;;;;10600;10;;;;;10593.0;0.0
1;31900;ASH_COATED_OSMIUM;9991;10;9989;27;;;10010;27;;;;;10000.5;0.0
1;32000;INTARIAN_PEPPER_ROOT;10586;8;10583;22;;;10600;8;10603;22;;;10593.0;0.0
1;32000;ASH_COATED_OSMIUM;9992;11;9989;27;;;10010;27;;;;;10001.0;0.0
1;32100;ASH_COATED_OSMIUM;9992;13;9989;20;;;10008;13;10010;20;;;10000.0;0.0
1;32100;INTARIAN_PEPPER_ROOT;10583;23;;;;;10600;8;10603;23;;;10591.5;0.0
1;32200;INTARIAN_PEPPER_ROOT;10583;21;;;;;10600;10;10603;21;;;10591.5;0.0
1;32200;ASH_COATED_OSMIUM;9992;12;9989;20;;;10010;20;;;;;10001.0;0.0
1;32300;INTARIAN_PEPPER_ROOT;10586;12;10583;15;;;10604;15;;;;;10595.0;0.0
1;32300;ASH_COATED_OSMIUM;9990;27;;;;;10008;10;10011;27;;;9999.0;0.0
1;32400;INTARIAN_PEPPER_ROOT;10586;8;;;;;10600;8;10604;22;;;10593.0;0.0
1;32400;ASH_COATED_OSMIUM;9993;12;9990;28;;;10009;12;;;;;10001.0;0.0
1;32500;ASH_COATED_OSMIUM;9993;15;9990;29;;;10009;15;;;;;10001.0;0.0
1;32500;INTARIAN_PEPPER_ROOT;10597;4;10583;19;;;10601;9;10604;19;;;10599.0;0.0
1;32600;INTARIAN_PEPPER_ROOT;10587;8;10583;19;;;10601;8;10604;19;;;10594.0;0.0
1;32600;ASH_COATED_OSMIUM;9990;23;;;;;10009;14;10011;23;;;9999.5;0.0
1;32700;INTARIAN_PEPPER_ROOT;10587;9;10583;25;;;10601;9;10604;25;;;10594.0;0.0
1;32700;ASH_COATED_OSMIUM;9993;11;9990;21;;;10009;11;10011;21;;;10001.0;0.0
1;32800;INTARIAN_PEPPER_ROOT;10587;11;10584;24;;;;;;;;;10587.0;0.0
1;32800;ASH_COATED_OSMIUM;9992;12;9990;24;;;9998;9;10008;12;;;9995.0;0.0
1;32900;ASH_COATED_OSMIUM;9992;10;9989;28;;;10010;28;;;;;10001.0;0.0
1;32900;INTARIAN_PEPPER_ROOT;10587;10;10584;16;;;10601;10;10604;16;;;10594.0;0.0
1;33000;INTARIAN_PEPPER_ROOT;10587;9;;;;;10601;9;10604;21;;;10594.0;0.0
1;33000;ASH_COATED_OSMIUM;9990;22;;;;;10011;22;;;;;10000.5;0.0
1;33100;INTARIAN_PEPPER_ROOT;10586;11;10583;25;;;10600;11;;;;;10593.0;0.0
1;33100;ASH_COATED_OSMIUM;;;;;;;10008;10;;;;;10008.0;0.0
1;33200;ASH_COATED_OSMIUM;9992;12;9990;27;;;10008;12;;;;;10000.0;0.0
1;33200;INTARIAN_PEPPER_ROOT;10586;9;10583;17;;;10600;9;10603;17;;;10593.0;0.0
1;33300;ASH_COATED_OSMIUM;9993;13;9991;25;;;10012;25;;;;;10002.5;0.0
1;33300;INTARIAN_PEPPER_ROOT;10597;7;10586;8;;;10600;8;10604;20;;;10598.5;0.0
1;33400;ASH_COATED_OSMIUM;9993;13;9991;20;;;9999;9;;;;;9996.0;0.0
1;33400;INTARIAN_PEPPER_ROOT;10586;9;10583;23;;;10600;9;10604;23;;;10593.0;0.0
1;33500;INTARIAN_PEPPER_ROOT;10586;8;10583;18;;;10601;8;10604;18;;;10593.5;0.0
1;33500;ASH_COATED_OSMIUM;9993;14;9990;25;;;10009;14;10011;25;;;10001.0;0.0
1;33600;ASH_COATED_OSMIUM;9991;26;;;;;10009;10;10012;26;;;10000.0;0.0
1;33600;INTARIAN_PEPPER_ROOT;10587;11;10583;22;;;10596;12;10601;11;10604;22;10591.5;0.0
1;33700;ASH_COATED_OSMIUM;9994;13;9992;27;;;10010;13;10013;27;;;10002.0;0.0
1;33700;INTARIAN_PEPPER_ROOT;10587;10;10583;19;;;10601;10;10604;19;;;10594.0;0.0
1;33800;ASH_COATED_OSMIUM;9994;12;9992;24;;;10010;12;10013;24;;;10002.0;0.0
1;33800;INTARIAN_PEPPER_ROOT;10587;9;10584;22;;;10601;9;10604;22;;;10594.0;0.0
1;33900;INTARIAN_PEPPER_ROOT;;;;;;;10601;10;10604;15;;;10601.0;0.0
1;33900;ASH_COATED_OSMIUM;9994;10;9992;20;;;10010;10;10013;20;;;10002.0;0.0
1;34000;ASH_COATED_OSMIUM;9994;11;9991;25;;;10010;11;10012;25;;;10002.0;0.0
1;34000;INTARIAN_PEPPER_ROOT;10587;8;10584;20;;;10601;8;10604;20;;;10594.0;0.0
1;34100;ASH_COATED_OSMIUM;9994;13;9991;29;;;10010;13;;;;;10002.0;0.0
1;34100;INTARIAN_PEPPER_ROOT;10587;11;10584;25;;;10601;11;10604;25;;;10594.0;0.0
1;34200;ASH_COATED_OSMIUM;9991;21;;;;;10010;14;10012;21;;;10000.5;0.0
1;34200;INTARIAN_PEPPER_ROOT;10587;12;;;;;10604;16;;;;;10595.5;0.0
1;34300;INTARIAN_PEPPER_ROOT;10587;9;10584;23;;;10601;9;10605;23;;;10594.0;0.0
1;34300;ASH_COATED_OSMIUM;9994;10;9991;30;;;10010;10;10012;30;;;10002.0;0.0
1;34400;ASH_COATED_OSMIUM;9994;15;9991;25;;;10010;15;10012;25;;;10002.0;0.0
1;34400;INTARIAN_PEPPER_ROOT;10587;8;10584;15;;;10601;8;10605;15;;;10594.0;0.0
1;34500;ASH_COATED_OSMIUM;9994;15;;;;;10012;21;;;;;10003.0;0.0
1;34500;INTARIAN_PEPPER_ROOT;10587;8;10584;19;;;10605;19;;;;;10596.0;0.0
1;34600;ASH_COATED_OSMIUM;9993;10;;;;;10009;10;10012;20;;;10001.0;0.0
1;34600;INTARIAN_PEPPER_ROOT;;;;;;;10602;12;10605;20;;;10602.0;0.0
1;34700;ASH_COATED_OSMIUM;9993;15;9991;29;;;10009;15;10012;29;;;10001.0;0.0
1;34700;INTARIAN_PEPPER_ROOT;10588;9;10584;16;;;10602;9;;;;;10595.0;0.0
1;34800;INTARIAN_PEPPER_ROOT;10588;8;;;;;10602;8;10605;18;;;10595.0;0.0
1;34800;ASH_COATED_OSMIUM;9994;15;;;;;10010;15;10013;27;;;10002.0;0.0
1;34900;ASH_COATED_OSMIUM;9994;12;;;;;10010;12;;;;;10002.0;0.0
1;34900;INTARIAN_PEPPER_ROOT;10588;9;10585;19;;;10605;19;;;;;10596.5;0.0
1;35000;ASH_COATED_OSMIUM;9992;24;;;;;10010;13;10013;24;;;10001.0;0.0
1;35000;INTARIAN_PEPPER_ROOT;10584;20;;;;;10601;8;10604;20;;;10592.5;0.0
1;35100;ASH_COATED_OSMIUM;9994;11;;;;;10012;20;;;;;10003.0;0.0
1;35100;INTARIAN_PEPPER_ROOT;10584;25;;;;;;;;;;;10584.0;0.0
1;35200;INTARIAN_PEPPER_ROOT;10587;12;10584;15;;;10601;12;10604;15;;;10594.0;0.0
1;35200;ASH_COATED_OSMIUM;9994;14;9992;20;;;10010;14;10013;20;;;10002.0;0.0
1;35300;ASH_COATED_OSMIUM;9994;15;9992;30;;;10010;15;10013;30;;;10002.0;0.0
1;35300;INTARIAN_PEPPER_ROOT;10587;8;10584;25;;;10601;8;10605;25;;;10594.0;0.0
1;35400;ASH_COATED_OSMIUM;;;;;;;10011;12;10013;25;;;10011.0;0.0
1;35400;INTARIAN_PEPPER_ROOT;10587;8;10584;20;;;10601;8;10605;20;;;10594.0;0.0
1;35500;INTARIAN_PEPPER_ROOT;10587;8;;;;;10602;8;;;;;10594.5;0.0
1;35500;ASH_COATED_OSMIUM;9994;13;;;;;10010;13;10013;20;;;10002.0;0.0
1;35600;INTARIAN_PEPPER_ROOT;10588;8;;;;;10605;18;;;;;10596.5;0.0
1;35600;ASH_COATED_OSMIUM;9994;13;9992;20;;;10010;13;10013;20;;;10002.0;0.0
1;35700;INTARIAN_PEPPER_ROOT;10598;3;10588;9;10584;20;10602;9;10605;20;;;10600.0;0.0
1;35700;ASH_COATED_OSMIUM;9994;11;;;;;10010;11;10013;22;;;10002.0;0.0
1;35800;ASH_COATED_OSMIUM;9995;10;9992;26;;;10011;10;10013;26;;;10003.0;0.0
1;35800;INTARIAN_PEPPER_ROOT;10585;19;;;;;10590;7;10602;9;10605;19;10587.5;0.0
1;35900;INTARIAN_PEPPER_ROOT;10588;11;10585;20;;;10602;11;10605;20;;;10595.0;0.0
1;35900;ASH_COATED_OSMIUM;9994;11;9992;20;;;10010;11;10013;20;;;10002.0;0.0
1;36000;INTARIAN_PEPPER_ROOT;10588;9;10585;15;;;10602;9;10605;15;;;10595.0;0.0
1;36000;ASH_COATED_OSMIUM;9992;24;;;;;10013;24;;;;;10002.5;0.0
1;36100;INTARIAN_PEPPER_ROOT;10599;4;10588;11;10585;22;10602;11;10605;22;;;10600.5;0.0
1;36100;ASH_COATED_OSMIUM;9994;15;9992;27;;;10013;27;;;;;10003.5;0.0
1;36200;ASH_COATED_OSMIUM;9994;15;;;;;10010;15;10013;29;;;10002.0;0.0
1;36200;INTARIAN_PEPPER_ROOT;10588;10;10585;17;;;10602;10;10605;17;;;10595.0;0.0
1;36300;INTARIAN_PEPPER_ROOT;;;;;;;10606;16;;;;;10606.0;0.0
1;36300;ASH_COATED_OSMIUM;9994;15;;;;;10010;15;10013;20;;;10002.0;0.0
1;36400;INTARIAN_PEPPER_ROOT;10588;9;10585;24;;;10602;9;10606;24;;;10595.0;0.0
1;36400;ASH_COATED_OSMIUM;9994;12;9992;25;;;10010;12;10013;25;;;10002.0;0.0
1;36500;INTARIAN_PEPPER_ROOT;10588;8;10585;17;;;10603;8;10606;17;;;10595.5;0.0
1;36500;ASH_COATED_OSMIUM;9994;15;9992;21;;;10010;15;;;;;10002.0;0.0
1;36600;ASH_COATED_OSMIUM;9991;23;;;;;10009;15;10012;23;;;10000.0;0.0
1;36600;INTARIAN_PEPPER_ROOT;10589;10;10585;19;;;10603;10;;;;;10596.0;0.0
1;36700;INTARIAN_PEPPER_ROOT;10589;11;10585;20;;;10603;11;10606;20;;;10596.0;0.0
1;36700;ASH_COATED_OSMIUM;9993;12;9991;27;;;10009;12;10012;27;;;10001.0;0.0
1;36800;INTARIAN_PEPPER_ROOT;10589;11;10586;15;;;10603;11;;;;;10596.0;0.0
1;36800;ASH_COATED_OSMIUM;9994;12;9991;21;;;10012;21;;;;;10003.0;0.0
1;36900;INTARIAN_PEPPER_ROOT;10589;10;;;;;;;;;;;10589.0;0.0
1;36900;ASH_COATED_OSMIUM;9994;11;9992;23;;;10013;23;;;;;10003.5;0.0
1;37000;ASH_COATED_OSMIUM;9995;11;9992;28;;;10013;28;;;;;10004.0;0.0
1;37000;INTARIAN_PEPPER_ROOT;10588;9;10585;22;;;10602;9;10605;22;;;10595.0;0.0
1;37100;INTARIAN_PEPPER_ROOT;10588;11;;;;;10602;11;10605;25;;;10595.0;0.0
1;37100;ASH_COATED_OSMIUM;9994;14;9992;23;;;10010;14;10013;23;;;10002.0;0.0
1;37200;INTARIAN_PEPPER_ROOT;10588;10;10585;24;;;10602;10;;;;;10595.0;0.0
1;37200;ASH_COATED_OSMIUM;9994;15;9992;24;;;10010;15;10013;24;;;10002.0;0.0
1;37300;INTARIAN_PEPPER_ROOT;10588;11;;;;;10602;11;;;;;10595.0;0.0
1;37300;ASH_COATED_OSMIUM;9994;11;9991;29;;;10010;11;10012;29;;;10002.0;0.0
1;37400;ASH_COATED_OSMIUM;9993;14;9990;20;;;10009;14;10011;20;;;10001.0;0.0
1;37400;INTARIAN_PEPPER_ROOT;10588;11;10585;20;;;10602;11;;;;;10595.0;0.0
1;37500;INTARIAN_PEPPER_ROOT;10588;9;10585;24;;;10606;24;;;;;10597.0;0.0
1;37500;ASH_COATED_OSMIUM;9990;22;;;;;10009;15;10011;22;;;9999.5;0.0
1;37600;INTARIAN_PEPPER_ROOT;10589;10;10585;22;;;10606;22;;;;;10597.5;0.0
1;37600;ASH_COATED_OSMIUM;9993;12;9990;24;;;10009;12;10011;24;;;10001.0;0.0
1;37700;INTARIAN_PEPPER_ROOT;10585;17;;;;;10603;12;;;;;10594.0;0.0
1;37700;ASH_COATED_OSMIUM;9993;12;9990;21;;;10009;12;10011;21;;;10001.0;0.0
1;37800;INTARIAN_PEPPER_ROOT;;;;;;;10603;8;10606;23;;;10603.0;0.0
1;37800;ASH_COATED_OSMIUM;10002;8;9990;25;;;10011;25;;;;;10006.5;0.0
1;37900;ASH_COATED_OSMIUM;9992;11;9990;27;;;10008;11;10011;27;;;10000.0;0.0
1;37900;INTARIAN_PEPPER_ROOT;10589;9;;;;;10603;9;10606;25;;;10596.0;0.0
1;38000;INTARIAN_PEPPER_ROOT;;;;;;;10603;11;10606;23;;;10603.0;0.0
1;38000;ASH_COATED_OSMIUM;9992;13;9990;24;;;10008;13;10011;24;;;10000.0;0.0
1;38100;INTARIAN_PEPPER_ROOT;10589;12;10586;23;;;10603;12;10606;23;;;10596.0;0.0
1;38100;ASH_COATED_OSMIUM;9992;14;;;;;10011;27;;;;;10001.5;0.0
1;38200;INTARIAN_PEPPER_ROOT;10589;8;10586;15;;;10606;15;;;;;10597.5;0.0
1;38200;ASH_COATED_OSMIUM;9992;14;9990;29;;;10011;29;;;;;10001.5;0.0
1;38300;ASH_COATED_OSMIUM;9992;14;9990;25;;;10008;14;10011;25;;;10000.0;0.0
1;38300;INTARIAN_PEPPER_ROOT;10589;9;;;;;;;;;;;10589.0;0.0
1;38400;INTARIAN_PEPPER_ROOT;10589;11;10586;23;;;10592;8;10603;11;10607;23;10590.5;0.0
1;38400;ASH_COATED_OSMIUM;9992;11;9990;25;;;10008;11;;;;;10000.0;0.0
1;38500;INTARIAN_PEPPER_ROOT;10586;15;;;;;10604;9;;;;;10595.0;0.0
1;38500;ASH_COATED_OSMIUM;9992;13;9990;22;;;10008;13;10011;22;;;10000.0;0.0
1;38600;INTARIAN_PEPPER_ROOT;10590;8;10586;23;;;10604;8;10607;23;;;10597.0;0.0
1;38600;ASH_COATED_OSMIUM;9992;10;;;;;10011;29;;;;;10001.5;0.0
1;38700;ASH_COATED_OSMIUM;9993;10;9990;26;;;10009;10;;;;;10001.0;0.0
1;38700;INTARIAN_PEPPER_ROOT;10590;12;10586;16;;;10604;12;10607;16;;;10597.0;0.0
1;38800;INTARIAN_PEPPER_ROOT;10587;18;;;;;10604;9;10607;18;;;10595.5;0.0
1;38800;ASH_COATED_OSMIUM;9992;15;9989;21;;;10008;15;10010;21;;;10000.0;0.0
1;38900;INTARIAN_PEPPER_ROOT;10590;10;10587;16;;;10604;10;10607;16;;;10597.0;0.0
1;38900;ASH_COATED_OSMIUM;9992;15;9990;21;;;10008;15;;;;;10000.0;0.0
1;39000;INTARIAN_PEPPER_ROOT;10587;23;;;;;10604;8;10607;23;;;10595.5;0.0
1;39000;ASH_COATED_OSMIUM;9992;11;9990;29;;;10011;29;;;;;10001.5;0.0
1;39100;ASH_COATED_OSMIUM;9992;10;;;;;10008;10;10011;21;;;10000.0;0.0
1;39100;INTARIAN_PEPPER_ROOT;10590;11;;;;;10604;11;10607;25;;;10597.0;0.0
1;39200;ASH_COATED_OSMIUM;9992;13;9989;21;;;10010;21;;;;;10001.0;0.0
1;39200;INTARIAN_PEPPER_ROOT;10589;12;10586;23;;;10603;12;10606;23;;;10596.0;0.0
1;39300;INTARIAN_PEPPER_ROOT;10589;9;10586;21;;;10603;9;10607;21;;;10596.0;0.0
1;39300;ASH_COATED_OSMIUM;9989;21;;;;;10008;12;10010;21;;;9998.5;0.0
1;39400;ASH_COATED_OSMIUM;9989;25;;;;;10010;25;;;;;9999.5;0.0
1;39400;INTARIAN_PEPPER_ROOT;10589;8;;;;;10607;25;;;;;10598.0;0.0
1;39500;ASH_COATED_OSMIUM;9991;13;9989;23;;;10007;13;;;;;9999.0;0.0
1;39500;INTARIAN_PEPPER_ROOT;10589;10;;;;;10604;10;10607;24;;;10596.5;0.0
1;39600;ASH_COATED_OSMIUM;9992;14;9989;28;;;10008;14;;;;;10000.0;0.0
1;39600;INTARIAN_PEPPER_ROOT;10590;8;;;;;10604;8;10607;24;;;10597.0;0.0
1;39700;INTARIAN_PEPPER_ROOT;10590;8;10586;16;;;10604;8;;;;;10597.0;0.0
1;39700;ASH_COATED_OSMIUM;9991;14;9989;20;;;10007;14;10010;20;;;9999.0;0.0
1;39800;INTARIAN_PEPPER_ROOT;10590;11;10587;21;;;10604;11;10607;21;;;10597.0;0.0
1;39800;ASH_COATED_OSMIUM;;;;;;;10007;10;10010;26;;;10007.0;0.0
1;39900;ASH_COATED_OSMIUM;9992;10;9989;24;;;10008;10;;;;;10000.0;0.0
1;39900;INTARIAN_PEPPER_ROOT;10590;11;10587;23;;;10604;11;10607;23;;;10597.0;0.0
1;40000;INTARIAN_PEPPER_ROOT;10587;19;;;;;10604;10;10607;19;;;10595.5;0.0
1;40000;ASH_COATED_OSMIUM;9989;29;;;;;10007;15;10010;29;;;9998.0;0.0
1;40100;INTARIAN_PEPPER_ROOT;10590;12;10587;17;;;10604;12;;;;;10597.0;0.0
1;40100;ASH_COATED_OSMIUM;9992;14;9989;30;;;10008;14;10010;30;;;10000.0;0.0
1;40200;INTARIAN_PEPPER_ROOT;10590;8;;;;;10604;8;10607;19;;;10597.0;0.0
1;40200;ASH_COATED_OSMIUM;9992;13;9990;20;;;10008;13;10011;20;;;10000.0;0.0
1;40300;ASH_COATED_OSMIUM;9990;30;;;;;10011;30;;;;;10000.5;0.0
1;40300;INTARIAN_PEPPER_ROOT;;;;;;;;;;;;;-2443.0;0.0
1;40400;INTARIAN_PEPPER_ROOT;10590;8;10587;19;;;10608;19;;;;;10599.0;0.0
1;40400;ASH_COATED_OSMIUM;9990;22;;;;;10008;10;10011;22;;;9999.0;0.0
1;40500;INTARIAN_PEPPER_ROOT;10590;9;10587;17;;;10605;9;10608;17;;;10597.5;0.0
1;40500;ASH_COATED_OSMIUM;;;;;;;10008;14;10011;20;;;10008.0;0.0
1;40600;INTARIAN_PEPPER_ROOT;10591;11;10587;18;;;10605;11;10608;18;;;10598.0;0.0
1;40600;ASH_COATED_OSMIUM;9992;15;;;;;10008;15;10011;27;;;10000.0;0.0
1;40700;ASH_COATED_OSMIUM;9992;10;9990;20;;;10008;10;;;;;10000.0;0.0
1;40700;INTARIAN_PEPPER_ROOT;10591;8;10587;18;;;10605;8;10608;18;;;10598.0;0.0
1;40800;INTARIAN_PEPPER_ROOT;10591;11;10588;25;;;10605;11;10608;25;;;10598.0;0.0
1;40800;ASH_COATED_OSMIUM;9993;12;;;;;10009;12;10011;24;;;10001.0;0.0
1;40900;INTARIAN_PEPPER_ROOT;10591;8;;;;;10605;8;10608;17;;;10598.0;0.0
1;40900;ASH_COATED_OSMIUM;9993;10;9990;20;;;10011;20;;;;;10002.0;0.0
1;41000;INTARIAN_PEPPER_ROOT;10591;11;10588;23;;;10605;11;;;;;10598.0;0.0
1;41000;ASH_COATED_OSMIUM;9993;13;9990;27;;;10009;13;10011;27;;;10001.0;0.0
1;41100;ASH_COATED_OSMIUM;9993;13;9990;21;;;10009;13;10011;21;;;10001.0;0.0
1;41100;INTARIAN_PEPPER_ROOT;10591;9;10588;18;;;10605;9;10608;18;;;10598.0;0.0
1;41200;INTARIAN_PEPPER_ROOT;10591;9;10588;16;;;10608;16;;;;;10599.5;0.0
1;41200;ASH_COATED_OSMIUM;9993;15;9990;26;;;10009;15;10012;26;;;10001.0;0.0
1;41300;INTARIAN_PEPPER_ROOT;10588;25;;;;;10605;8;10609;25;;;10596.5;0.0
1;41300;ASH_COATED_OSMIUM;9991;27;;;;;10009;10;10012;27;;;10000.0;0.0
1;41400;INTARIAN_PEPPER_ROOT;10591;9;;;;;10605;9;;;;;10598.0;0.0
1;41400;ASH_COATED_OSMIUM;9993;15;9991;26;;;10009;15;10012;26;;;10001.0;0.0
1;41500;ASH_COATED_OSMIUM;9993;12;9991;20;;;10009;12;;;;;10001.0;0.0
1;41500;INTARIAN_PEPPER_ROOT;10588;24;;;;;10606;10;10609;24;;;10597.0;0.0
1;41600;INTARIAN_PEPPER_ROOT;10592;11;10588;17;;;10606;11;10609;17;;;10599.0;0.0
1;41600;ASH_COATED_OSMIUM;9993;10;9991;29;;;10009;10;10012;29;;;10001.0;0.0
1;41700;INTARIAN_PEPPER_ROOT;10591;10;10587;23;;;10605;10;10608;23;;;10598.0;0.0
1;41700;ASH_COATED_OSMIUM;9994;12;9991;22;;;10010;12;10012;22;;;10002.0;0.0
1;41800;INTARIAN_PEPPER_ROOT;10591;12;10588;20;;;10605;12;;;;;10598.0;0.0
1;41800;ASH_COATED_OSMIUM;10003;5;9994;12;9991;22;10010;12;10012;22;;;10006.5;0.0
1;41900;ASH_COATED_OSMIUM;9992;24;;;;;10010;12;10013;24;;;10001.0;0.0
1;41900;INTARIAN_PEPPER_ROOT;10591;12;10588;20;;;10605;12;10608;20;;;10598.0;0.0
1;42000;INTARIAN_PEPPER_ROOT;10591;8;;;;;10594;8;10600;10;10605;8;10592.5;0.0
1;42000;ASH_COATED_OSMIUM;9993;10;9991;28;;;10009;10;10012;28;;;10001.0;0.0
1;42100;INTARIAN_PEPPER_ROOT;10591;12;10588;16;;;10608;16;;;;;10599.5;0.0
1;42100;ASH_COATED_OSMIUM;9994;12;;;;;10010;12;;;;;10002.0;0.0
1;42200;ASH_COATED_OSMIUM;9991;20;;;;;10012;20;;;;;10001.5;0.0
1;42200;INTARIAN_PEPPER_ROOT;10591;8;10588;23;;;10605;8;;;;;10598.0;0.0
1;42300;ASH_COATED_OSMIUM;9994;13;9991;21;;;10012;21;;;;;10003.0;0.0
1;42300;INTARIAN_PEPPER_ROOT;10591;11;10588;15;;;10605;11;10609;15;;;10598.0;0.0
1;42400;ASH_COATED_OSMIUM;9992;29;;;;;10013;29;;;;;10002.5;0.0
1;42400;INTARIAN_PEPPER_ROOT;10591;12;10588;25;;;10605;12;10609;25;;;10598.0;0.0
1;42500;INTARIAN_PEPPER_ROOT;10591;8;10588;25;;;10606;8;10609;25;;;10598.5;0.0
1;42500;ASH_COATED_OSMIUM;9999;4;9994;11;;;10010;11;;;;;10004.5;0.0
1;42600;ASH_COATED_OSMIUM;9994;15;9992;27;;;10010;15;10013;27;;;10002.0;0.0
1;42600;INTARIAN_PEPPER_ROOT;10592;9;10588;24;;;10606;9;10609;24;;;10599.0;0.0
1;42700;ASH_COATED_OSMIUM;9994;12;;;;;10010;12;10012;25;;;10002.0;0.0
1;42700;INTARIAN_PEPPER_ROOT;10592;9;10588;22;;;10609;22;;;;;10600.5;0.0
1;42800;ASH_COATED_OSMIUM;9994;15;9991;24;;;10010;15;10012;24;;;10002.0;0.0
1;42800;INTARIAN_PEPPER_ROOT;10589;21;;;;;10606;9;10609;21;;;10597.5;0.0
1;42900;INTARIAN_PEPPER_ROOT;10592;10;10589;23;;;10606;10;;;;;10599.0;0.0
1;42900;ASH_COATED_OSMIUM;9993;11;9991;23;;;10012;23;;;;;10002.5;0.0
1;43000;ASH_COATED_OSMIUM;9993;12;9991;29;;;10003;3;10009;12;;;9998.0;0.0
1;43000;INTARIAN_PEPPER_ROOT;10592;10;10589;15;;;10595;8;10606;10;10609;15;10593.5;0.0
1;43100;ASH_COATED_OSMIUM;9993;14;9991;22;;;10009;14;10012;22;;;10001.0;0.0
1;43100;INTARIAN_PEPPER_ROOT;10592;10;10589;22;;;10606;10;10609;22;;;10599.0;0.0
1;43200;ASH_COATED_OSMIUM;9993;10;;;;;;;;;;;9993.0;0.0
1;43200;INTARIAN_PEPPER_ROOT;10592;11;10589;25;;;10606;11;10609;25;;;10599.0;0.0
1;43300;INTARIAN_PEPPER_ROOT;10592;10;10589;16;;;;;;;;;10592.0;0.0
1;43300;ASH_COATED_OSMIUM;9993;12;9990;27;;;10009;12;10011;27;;;10001.0;0.0
1;43400;ASH_COATED_OSMIUM;9993;13;9990;27;;;10009;13;10011;27;;;10001.0;0.0
1;43400;INTARIAN_PEPPER_ROOT;10592;9;10589;21;;;10610;21;;;;;10601.0;0.0
1;43500;ASH_COATED_OSMIUM;9992;12;;;;;10008;12;10011;23;;;10000.0;0.0
1;43500;INTARIAN_PEPPER_ROOT;10592;11;10589;17;;;10607;11;10610;17;;;10599.5;0.0
1;43600;ASH_COATED_OSMIUM;9992;14;9989;27;;;10010;27;;;;;10001.0;0.0
1;43600;INTARIAN_PEPPER_ROOT;10593;11;10589;17;;;10607;11;10610;17;;;10600.0;0.0
1;43700;ASH_COATED_OSMIUM;9992;10;9990;26;;;10011;26;;;;;10001.5;0.0
1;43700;INTARIAN_PEPPER_ROOT;10589;22;;;;;10607;9;10610;22;;;10598.0;0.0
1;43800;INTARIAN_PEPPER_ROOT;10593;12;10590;19;;;10607;12;10610;19;;;10600.0;0.0
1;43800;ASH_COATED_OSMIUM;9992;11;9990;30;;;;;;;;;9992.0;0.0
1;43900;ASH_COATED_OSMIUM;;;;;;;10009;13;;;;;10009.0;0.0
1;43900;INTARIAN_PEPPER_ROOT;10593;9;10590;19;;;10607;9;10610;19;;;10600.0;0.0
1;44000;ASH_COATED_OSMIUM;9993;12;9990;22;;;10009;12;10011;22;;;10001.0;0.0
1;44000;INTARIAN_PEPPER_ROOT;10593;9;;;;;10607;9;10610;25;;;10600.0;0.0
1;44100;ASH_COATED_OSMIUM;9993;11;9991;28;;;10009;11;;;;;10001.0;0.0
1;44100;INTARIAN_PEPPER_ROOT;10593;10;10590;18;;;10610;18;;;;;10601.5;0.0
1;44200;INTARIAN_PEPPER_ROOT;10590;18;;;;;10607;9;;;;;10598.5;0.0
1;44200;ASH_COATED_OSMIUM;9994;12;9992;22;;;10010;12;10013;22;;;10002.0;0.0
1;44300;INTARIAN_PEPPER_ROOT;10590;24;;;;;10607;11;10611;24;;;10598.5;0.0
1;44300;ASH_COATED_OSMIUM;9994;10;;;;;10010;10;10013;25;;;10002.0;0.0
1;44400;ASH_COATED_OSMIUM;9994;11;9991;27;;;;;;;;;9994.0;0.0
1;44400;INTARIAN_PEPPER_ROOT;10593;11;10590;21;;;10603;11;10607;11;;;10598.0;0.0
1;44500;INTARIAN_PEPPER_ROOT;10593;8;10590;24;;;10611;24;;;;;10602.0;0.0
1;44500;ASH_COATED_OSMIUM;9994;10;9991;30;;;10010;10;10012;30;;;10002.0;0.0
1;44600;INTARIAN_PEPPER_ROOT;10593;8;;;;;10607;8;10610;23;;;10600.0;0.0
1;44600;ASH_COATED_OSMIUM;9991;26;;;;;10009;12;;;;;10000.0;0.0
1;44700;INTARIAN_PEPPER_ROOT;10593;11;;;;;10595;8;10607;11;10610;22;10594.0;0.0
1;44700;ASH_COATED_OSMIUM;9994;12;9991;28;;;10010;12;10012;28;;;10002.0;0.0
1;44800;ASH_COATED_OSMIUM;9994;14;9991;21;;;9999;8;10010;14;10012;21;9996.5;0.0
1;44800;INTARIAN_PEPPER_ROOT;10593;8;10590;25;;;10607;8;;;;;10600.0;0.0
1;44900;INTARIAN_PEPPER_ROOT;10593;12;10590;23;;;10607;12;10610;23;;;10600.0;0.0
1;44900;ASH_COATED_OSMIUM;9994;14;9991;24;;;10010;14;10012;24;;;10002.0;0.0
1;45000;INTARIAN_PEPPER_ROOT;10590;22;;;;;10607;12;10610;22;;;10598.5;0.0
1;45000;ASH_COATED_OSMIUM;9994;15;9991;21;;;10010;15;10012;21;;;10002.0;0.0
1;45100;INTARIAN_PEPPER_ROOT;10593;11;10590;24;;;10607;11;;;;;10600.0;0.0
1;45100;ASH_COATED_OSMIUM;9994;13;9992;22;;;;;;;;;9994.0;0.0
1;45200;ASH_COATED_OSMIUM;9993;29;;;;;10001;6;10011;10;10014;29;9997.0;0.0
1;45200;INTARIAN_PEPPER_ROOT;10590;18;;;;;10607;10;10610;18;;;10598.5;0.0
1;45300;INTARIAN_PEPPER_ROOT;10590;20;;;;;10607;10;10611;20;;;10598.5;0.0
1;45300;ASH_COATED_OSMIUM;9995;11;9992;28;;;10013;28;;;;;10004.0;0.0
1;45400;INTARIAN_PEPPER_ROOT;10593;12;10590;24;;;10607;12;;;;;10600.0;0.0
1;45400;ASH_COATED_OSMIUM;9995;12;;;;;10011;12;;;;;10003.0;0.0
1;45500;INTARIAN_PEPPER_ROOT;10593;11;;;;;10608;11;10611;22;;;10600.5;0.0
1;45500;ASH_COATED_OSMIUM;9995;11;9992;28;;;10011;11;;;;;10003.0;0.0
1;45600;ASH_COATED_OSMIUM;9992;25;;;;;10013;25;;;;;10002.5;0.0
1;45600;INTARIAN_PEPPER_ROOT;10594;9;10590;22;;;10611;22;;;;;10602.5;0.0
1;45700;INTARIAN_PEPPER_ROOT;10594;8;10590;25;;;10608;8;10611;25;;;10601.0;0.0
1;45700;ASH_COATED_OSMIUM;9994;12;;;;;10010;12;10013;28;;;10002.0;0.0
1;45800;INTARIAN_PEPPER_ROOT;10594;8;10591;17;;;10608;8;10611;17;;;10601.0;0.0
1;45800;ASH_COATED_OSMIUM;9994;14;9992;23;;;10010;14;10013;23;;;10002.0;0.0
1;45900;INTARIAN_PEPPER_ROOT;10594;8;10591;16;;;10608;8;;;;;10601.0;0.0
1;45900;ASH_COATED_OSMIUM;9994;14;9992;26;;;10010;14;10013;26;;;10002.0;0.0
1;46000;ASH_COATED_OSMIUM;9995;11;9992;29;;;10013;29;;;;;10004.0;0.0
1;46000;INTARIAN_PEPPER_ROOT;10594;11;10591;20;;;10608;11;10611;20;;;10601.0;0.0
1;46100;INTARIAN_PEPPER_ROOT;10594;9;10591;23;;;10611;23;;;;;10602.5;0.0
1;46100;ASH_COATED_OSMIUM;9995;10;9992;25;;;10011;10;10013;25;;;10003.0;0.0
1;46200;INTARIAN_PEPPER_ROOT;10594;8;10591;23;;;10608;8;10611;23;;;10601.0;0.0
1;46200;ASH_COATED_OSMIUM;9995;10;9992;20;;;10011;10;10013;20;;;10003.0;0.0
1;46300;INTARIAN_PEPPER_ROOT;10594;12;10591;23;;;10608;12;10612;23;;;10601.0;0.0
1;46300;ASH_COATED_OSMIUM;9992;27;;;;;10004;2;10013;27;;;9998.0;0.0
1;46400;ASH_COATED_OSMIUM;9994;15;9992;23;;;10010;15;10013;23;;;10002.0;0.0
1;46400;INTARIAN_PEPPER_ROOT;10594;12;10591;16;;;10608;12;10612;16;;;10601.0;0.0
1;46500;ASH_COATED_OSMIUM;10004;9;9994;13;9992;20;10010;13;10013;20;;;10007.0;0.0
1;46500;INTARIAN_PEPPER_ROOT;10594;9;10591;17;;;10612;17;;;;;10603.0;0.0
1;46600;INTARIAN_PEPPER_ROOT;10595;8;10591;22;;;10609;8;10612;22;;;10602.0;0.0
1;46600;ASH_COATED_OSMIUM;9995;11;9992;21;;;10011;11;10013;21;;;10003.0;0.0
1;46700;INTARIAN_PEPPER_ROOT;10595;9;;;;;10609;9;10612;19;;;10602.0;0.0
1;46700;ASH_COATED_OSMIUM;9994;14;9992;27;;;10010;14;10013;27;;;10002.0;0.0
1;46800;INTARIAN_PEPPER_ROOT;10592;24;;;;;10597;8;;;;;10594.5;0.0
1;46800;ASH_COATED_OSMIUM;9994;13;9992;28;;;10010;13;10013;28;;;10002.0;0.0
1;46900;ASH_COATED_OSMIUM;9994;14;9991;24;;;10010;14;;;;;10002.0;0.0
1;46900;INTARIAN_PEPPER_ROOT;10595;9;10592;20;;;10609;9;10612;20;;;10602.0;0.0
1;47000;INTARIAN_PEPPER_ROOT;10595;8;;;;;10609;8;10612;19;;;10602.0;0.0
1;47000;ASH_COATED_OSMIUM;9993;15;9991;26;;;10003;2;10009;15;10012;26;9998.0;0.0
1;47100;INTARIAN_PEPPER_ROOT;10595;10;;;;;10612;22;;;;;10603.5;0.0
1;47100;ASH_COATED_OSMIUM;9999;3;;;;;10010;15;10012;28;;;10004.5;0.0
1;47200;INTARIAN_PEPPER_ROOT;10592;18;;;;;10612;18;;;;;10602.0;0.0
1;47200;ASH_COATED_OSMIUM;9991;23;;;;;10010;10;10012;23;;;10000.5;0.0
1;47300;ASH_COATED_OSMIUM;9999;3;9991;29;;;10010;15;10012;29;;;10004.5;0.0
1;47300;INTARIAN_PEPPER_ROOT;10592;16;;;;;10613;16;;;;;10602.5;0.0
1;47400;INTARIAN_PEPPER_ROOT;10595;9;10592;24;;;10609;9;10613;24;;;10602.0;0.0
1;47400;ASH_COATED_OSMIUM;9994;11;;;;;10010;11;10013;28;;;10002.0;0.0
1;47500;INTARIAN_PEPPER_ROOT;10595;10;10592;17;;;10610;10;;;;;10602.5;0.0
1;47500;ASH_COATED_OSMIUM;9994;11;9991;21;;;10010;11;10012;21;;;10002.0;0.0
1;47600;INTARIAN_PEPPER_ROOT;10596;11;10592;17;;;10610;11;10613;17;;;10603.0;0.0
1;47600;ASH_COATED_OSMIUM;9993;13;9991;29;;;10009;13;10012;29;;;10001.0;0.0
1;47700;ASH_COATED_OSMIUM;9993;10;9991;23;;;10009;10;10012;23;;;10001.0;0.0
1;47700;INTARIAN_PEPPER_ROOT;10596;8;;;;;10610;8;10613;24;;;10603.0;0.0
1;47800;INTARIAN_PEPPER_ROOT;10596;8;10593;18;;;10610;8;10613;18;;;10603.0;0.0
1;47800;ASH_COATED_OSMIUM;9991;27;;;;;10009;15;10012;27;;;10000.0;0.0
1;47900;INTARIAN_PEPPER_ROOT;10596;8;10593;21;;;10610;8;10613;21;;;10603.0;0.0
1;47900;ASH_COATED_OSMIUM;9994;13;9991;24;;;10010;13;10012;24;;;10002.0;0.0
1;48000;ASH_COATED_OSMIUM;9995;13;;;;;10011;13;10013;28;;;10003.0;0.0
1;48000;INTARIAN_PEPPER_ROOT;10596;8;10593;18;;;10610;8;10613;18;;;10603.0;0.0
1;48100;ASH_COATED_OSMIUM;9995;10;9992;21;;;;;;;;;9995.0;0.0
1;48100;INTARIAN_PEPPER_ROOT;10606;7;10595;9;10592;23;10609;9;10612;23;;;10607.5;0.0
1;48200;ASH_COATED_OSMIUM;9995;12;9992;25;;;10011;12;10013;25;;;10003.0;0.0
1;48200;INTARIAN_PEPPER_ROOT;10595;10;10592;19;;;10609;10;;;;;10602.0;0.0
1;48300;INTARIAN_PEPPER_ROOT;10595;8;10592;16;;;10609;8;10613;16;;;10602.0;0.0
1;48300;ASH_COATED_OSMIUM;9995;11;9993;24;;;10011;11;10014;24;;;10003.0;0.0
1;48400;ASH_COATED_OSMIUM;9992;23;;;;;10011;13;;;;;10001.5;0.0
1;48400;INTARIAN_PEPPER_ROOT;10595;11;10592;20;;;10609;11;;;;;10602.0;0.0
1;48500;ASH_COATED_OSMIUM;9991;29;;;;;10010;15;10012;29;;;10000.5;0.0
1;48500;INTARIAN_PEPPER_ROOT;10595;8;10592;16;;;10610;8;;;;;10602.5;0.0
1;48600;ASH_COATED_OSMIUM;9992;22;;;;;10010;10;10013;22;;;10001.0;0.0
1;48600;INTARIAN_PEPPER_ROOT;10596;10;;;;;10610;10;10613;25;;;10603.0;0.0
1;48700;INTARIAN_PEPPER_ROOT;10596;12;;;;;10613;17;;;;;10604.5;0.0
1;48700;ASH_COATED_OSMIUM;9994;11;9992;27;;;10010;11;10013;27;;;10002.0;0.0
1;48800;INTARIAN_PEPPER_ROOT;10593;16;;;;;10610;11;10613;16;;;10601.5;0.0
1;48800;ASH_COATED_OSMIUM;9994;14;;;;;10010;14;10012;21;;;10002.0;0.0
1;48900;ASH_COATED_OSMIUM;9993;11;9991;24;;;10009;11;10012;24;;;10001.0;0.0
1;48900;INTARIAN_PEPPER_ROOT;;;;;;;10610;8;10613;23;;;10610.0;0.0
1;49000;INTARIAN_PEPPER_ROOT;10596;9;10593;17;;;10610;9;10613;17;;;10603.0;0.0
1;49000;ASH_COATED_OSMIUM;9993;13;9990;22;;;10009;13;;;;;10001.0;0.0
1;49100;INTARIAN_PEPPER_ROOT;10596;10;10593;21;;;10610;10;10613;21;;;10603.0;0.0
1;49100;ASH_COATED_OSMIUM;9993;13;9990;30;;;10009;13;;;;;10001.0;0.0
1;49200;INTARIAN_PEPPER_ROOT;10596;8;10593;18;;;10613;18;;;;;10604.5;0.0
1;49200;ASH_COATED_OSMIUM;9991;29;;;;;10010;15;10012;29;;;10000.5;0.0
1;49300;ASH_COATED_OSMIUM;9991;30;;;;;10012;30;;;;;10001.5;0.0
1;49300;INTARIAN_PEPPER_ROOT;10593;18;;;;;10610;12;10614;18;;;10601.5;0.0
1;49400;INTARIAN_PEPPER_ROOT;10596;8;10593;23;;;10610;8;;;;;10603.0;0.0
1;49400;ASH_COATED_OSMIUM;10004;9;9992;21;;;;;;;;;10004.0;0.0
1;49500;INTARIAN_PEPPER_ROOT;10593;18;;;;;10611;12;10614;18;;;10602.0;0.0
1;49500;ASH_COATED_OSMIUM;9995;10;9992;21;;;10013;21;;;;;10004.0;0.0
1;49600;INTARIAN_PEPPER_ROOT;10593;17;;;;;10611;9;10614;17;;;10602.0;0.0
1;49600;ASH_COATED_OSMIUM;9994;10;9992;21;;;;;;;;;9994.0;0.0
1;49700;ASH_COATED_OSMIUM;9994;14;9992;29;;;10010;14;10013;29;;;10002.0;0.0
1;49700;INTARIAN_PEPPER_ROOT;10593;19;;;;;10611;8;10614;19;;;10602.0;0.0
1;49800;INTARIAN_PEPPER_ROOT;10597;9;10594;22;;;10611;9;10614;22;;;10604.0;0.0
1;49800;ASH_COATED_OSMIUM;9994;12;;;;;10013;21;;;;;10003.5;0.0
1;49900;INTARIAN_PEPPER_ROOT;10597;8;10594;25;;;10611;8;10614;25;;;10604.0;0.0
1;49900;ASH_COATED_OSMIUM;9994;10;9991;27;;;;;;;;;9994.0;0.0
1;50000;INTARIAN_PEPPER_ROOT;10597;10;10594;22;;;10611;10;10614;22;;;10604.0;0.0
1;50000;ASH_COATED_OSMIUM;9994;15;9992;21;;;10010;15;;;;;10002.0;0.0
1;50100;ASH_COATED_OSMIUM;9994;10;9992;24;;;10010;10;10013;24;;;10002.0;0.0
1;50100;INTARIAN_PEPPER_ROOT;10594;15;;;;;10611;9;10614;15;;;10602.5;0.0
1;50200;INTARIAN_PEPPER_ROOT;10597;8;10594;22;;;;;;;;;10597.0;0.0
1;50200;ASH_COATED_OSMIUM;9994;10;9992;25;;;10010;10;10013;25;;;10002.0;0.0
1;50300;INTARIAN_PEPPER_ROOT;10597;8;;;;;10611;8;10615;19;;;10604.0;0.0
1;50300;ASH_COATED_OSMIUM;9992;25;;;;;10011;15;10013;25;;;10001.5;0.0
1;50400;INTARIAN_PEPPER_ROOT;10597;9;10594;20;;;10611;9;10615;20;;;10604.0;0.0
1;50400;ASH_COATED_OSMIUM;9994;13;9992;22;;;10011;13;10013;22;;;10002.5;0.0
1;50500;ASH_COATED_OSMIUM;9995;10;9992;20;;;10011;10;10013;20;;;10003.0;0.0
1;50500;INTARIAN_PEPPER_ROOT;10597;9;10594;24;;;10612;9;10615;24;;;10604.5;0.0
1;50600;INTARIAN_PEPPER_ROOT;10594;15;;;;;10612;8;;;;;10603.0;0.0
1;50600;ASH_COATED_OSMIUM;9995;14;9992;23;;;10011;14;10013;23;;;10003.0;0.0
1;50700;INTARIAN_PEPPER_ROOT;10598;9;10594;15;;;10612;9;10615;15;;;10605.0;0.0
1;50700;ASH_COATED_OSMIUM;9995;11;;;;;10011;11;10014;21;;;10003.0;0.0
1;50800;INTARIAN_PEPPER_ROOT;10598;11;10595;15;;;10612;11;10615;15;;;10605.0;0.0
1;50800;ASH_COATED_OSMIUM;9995;15;9992;29;;;10011;15;10014;29;;;10003.0;0.0
1;50900;ASH_COATED_OSMIUM;9995;14;9993;22;;;10011;14;10014;22;;;10003.0;0.0
1;50900;INTARIAN_PEPPER_ROOT;10598;9;10595;19;;;10612;9;10615;19;;;10605.0;0.0
1;51000;ASH_COATED_OSMIUM;10001;3;;;;;10012;11;10014;30;;;10006.5;0.0
1;51000;INTARIAN_PEPPER_ROOT;10598;11;10595;21;;;10612;11;10615;21;;;10605.0;0.0
1;51100;INTARIAN_PEPPER_ROOT;10598;11;10595;17;;;10612;11;10615;17;;;10605.0;0.0
1;51100;ASH_COATED_OSMIUM;9996;11;9993;26;;;10012;11;10014;26;;;10004.0;0.0
1;51200;ASH_COATED_OSMIUM;9996;12;;;;;10012;12;10014;30;;;10004.0;0.0
1;51200;INTARIAN_PEPPER_ROOT;10595;22;;;;;10612;9;10615;22;;;10603.5;0.0
1;51300;ASH_COATED_OSMIUM;9995;14;9993;28;;;10011;14;10014;28;;;10003.0;0.0
1;51300;INTARIAN_PEPPER_ROOT;10598;8;10595;15;;;10612;8;10616;15;;;10605.0;0.0
1;51400;ASH_COATED_OSMIUM;10001;4;9996;11;9993;26;;;;;;;10001.0;0.0
1;51400;INTARIAN_PEPPER_ROOT;10595;22;;;;;10612;12;10616;22;;;10603.5;0.0
1;51500;INTARIAN_PEPPER_ROOT;10598;9;;;;;10613;9;10616;20;;;10605.5;0.0
1;51500;ASH_COATED_OSMIUM;9996;15;9993;20;;;10014;20;;;;;10005.0;0.0
1;51600;ASH_COATED_OSMIUM;9995;11;9993;23;;;10011;11;10014;23;;;10003.0;0.0
1;51600;INTARIAN_PEPPER_ROOT;10599;8;10595;19;;;10613;8;10616;19;;;10606.0;0.0
1;51700;ASH_COATED_OSMIUM;9996;13;;;;;10012;13;;;;;10004.0;0.0
1;51700;INTARIAN_PEPPER_ROOT;10599;12;10595;19;;;;;;;;;10599.0;0.0
1;51800;ASH_COATED_OSMIUM;9996;14;9993;30;;;10012;14;10014;30;;;10004.0;0.0
1;51800;INTARIAN_PEPPER_ROOT;10599;11;10596;18;;;10613;11;;;;;10606.0;0.0
1;51900;INTARIAN_PEPPER_ROOT;10599;9;10596;16;;;10613;9;10616;16;;;10606.0;0.0
1;51900;ASH_COATED_OSMIUM;9995;15;9993;30;;;10011;15;;;;;10003.0;0.0
1;52000;ASH_COATED_OSMIUM;9993;30;;;;;;;;;;;9993.0;0.0
1;52000;INTARIAN_PEPPER_ROOT;10599;9;;;;;10613;9;10616;15;;;10606.0;0.0
1;52100;ASH_COATED_OSMIUM;9995;15;9992;24;;;10011;15;10013;24;;;10003.0;0.0
1;52100;INTARIAN_PEPPER_ROOT;10596;18;;;;;10613;12;;;;;10604.5;0.0
1;52200;ASH_COATED_OSMIUM;9995;13;;;;;10014;20;;;;;10004.5;0.0
1;52200;INTARIAN_PEPPER_ROOT;10599;10;;;;;10613;10;10616;20;;;10606.0;0.0
1;52300;INTARIAN_PEPPER_ROOT;10599;10;10596;25;;;10613;10;;;;;10606.0;0.0
1;52300;ASH_COATED_OSMIUM;9992;23;;;;;10011;10;10013;23;;;10001.5;0.0
1;52400;INTARIAN_PEPPER_ROOT;10599;12;10596;20;;;10613;12;10617;20;;;10606.0;0.0
1;52400;ASH_COATED_OSMIUM;9995;12;9992;26;;;10011;12;;;;;10003.0;0.0
1;52500;ASH_COATED_OSMIUM;9995;12;9992;26;;;10011;12;10013;26;;;10003.0;0.0
1;52500;INTARIAN_PEPPER_ROOT;10599;11;10596;15;;;10617;15;;;;;10608.0;0.0
1;52600;ASH_COATED_OSMIUM;;;;;;;10010;13;10013;27;;;10010.0;0.0
1;52600;INTARIAN_PEPPER_ROOT;10609;8;10599;10;10595;23;10616;23;;;;;10612.5;0.0
1;52700;ASH_COATED_OSMIUM;9994;12;9992;26;;;10010;12;10013;26;;;10002.0;0.0
1;52700;INTARIAN_PEPPER_ROOT;10595;19;;;;;10613;8;10616;19;;;10604.0;0.0
1;52800;INTARIAN_PEPPER_ROOT;10599;11;10596;24;;;10613;11;10616;24;;;10606.0;0.0
1;52800;ASH_COATED_OSMIUM;9995;10;9992;30;;;10011;10;10013;30;;;10003.0;0.0
1;52900;ASH_COATED_OSMIUM;9995;11;9992;29;;;10011;11;10013;29;;;10003.0;0.0
1;52900;INTARIAN_PEPPER_ROOT;10599;11;10596;19;;;10613;11;;;;;10606.0;0.0
1;53000;ASH_COATED_OSMIUM;9995;14;9992;30;;;10011;14;;;;;10003.0;0.0
1;53000;INTARIAN_PEPPER_ROOT;10599;8;10596;21;;;10616;21;;;;;10607.5;0.0
1;53100;ASH_COATED_OSMIUM;10001;3;9995;10;9993;28;10011;10;10014;28;;;10006.0;0.0
1;53100;INTARIAN_PEPPER_ROOT;10599;12;10596;18;;;10613;12;10616;18;;;10606.0;0.0
1;53200;INTARIAN_PEPPER_ROOT;10610;5;10599;11;10596;24;10613;11;;;;;10611.5;0.0
1;53200;ASH_COATED_OSMIUM;9995;10;9993;21;;;10014;21;;;;;10004.5;0.0
1;53300;INTARIAN_PEPPER_ROOT;10596;18;;;;;10613;10;10617;18;;;10604.5;0.0
1;53300;ASH_COATED_OSMIUM;9996;13;9993;30;;;10012;13;10014;30;;;10004.0;0.0
1;53400;ASH_COATED_OSMIUM;9996;10;9993;21;;;10012;10;10014;21;;;10004.0;0.0
1;53400;INTARIAN_PEPPER_ROOT;10596;19;;;;;10613;10;10617;19;;;10604.5;0.0
1;53500;INTARIAN_PEPPER_ROOT;10599;8;10596;18;;;10617;18;;;;;10608.0;0.0
1;53500;ASH_COATED_OSMIUM;9995;10;9993;23;;;10011;10;10014;23;;;10003.0;0.0
1;53600;INTARIAN_PEPPER_ROOT;10596;23;;;;;10602;5;10614;12;10617;23;10599.0;0.0
1;53600;ASH_COATED_OSMIUM;9995;12;;;;;10011;12;10013;28;;;10003.0;0.0
1;53700;INTARIAN_PEPPER_ROOT;10600;8;;;;;10617;18;;;;;10608.5;0.0
1;53700;ASH_COATED_OSMIUM;9995;11;9993;26;;;10011;11;;;;;10003.0;0.0
1;53800;ASH_COATED_OSMIUM;9995;11;9993;24;;;10014;24;;;;;10004.5;0.0
1;53800;INTARIAN_PEPPER_ROOT;10600;9;10597;16;;;10614;9;10617;16;;;10607.0;0.0
1;53900;INTARIAN_PEPPER_ROOT;10600;9;10597;16;;;10614;9;10617;16;;;10607.0;0.0
1;53900;ASH_COATED_OSMIUM;9996;11;9993;25;;;10012;11;10014;25;;;10004.0;0.0
1;54000;INTARIAN_PEPPER_ROOT;10597;23;;;;;10614;12;10617;23;;;10605.5;0.0
1;54000;ASH_COATED_OSMIUM;9993;25;;;;;10012;15;10014;25;;;10002.5;0.0
1;54100;INTARIAN_PEPPER_ROOT;10600;8;10597;16;;;10614;8;10617;16;;;10607.0;0.0
1;54100;ASH_COATED_OSMIUM;9996;13;9993;21;;;10012;13;10014;21;;;10004.0;0.0
1;54200;ASH_COATED_OSMIUM;9995;14;9993;30;;;10011;14;;;;;10003.0;0.0
1;54200;INTARIAN_PEPPER_ROOT;10597;23;;;;;10614;10;;;;;10605.5;0.0
1;54300;INTARIAN_PEPPER_ROOT;10597;16;;;;;10614;8;10618;16;;;10605.5;0.0
1;54300;ASH_COATED_OSMIUM;9993;24;;;;;10011;15;10014;24;;;10002.0;0.0
1;54400;INTARIAN_PEPPER_ROOT;10600;11;10597;15;;;10614;11;10618;15;;;10607.0;0.0
1;54400;ASH_COATED_OSMIUM;;;;;;;10011;10;10014;30;;;10011.0;0.0
1;54500;INTARIAN_PEPPER_ROOT;10600;8;10597;21;;;10615;8;;;;;10607.5;0.0
1;54500;ASH_COATED_OSMIUM;9995;11;;;;;10011;11;;;;;10003.0;0.0
1;54600;ASH_COATED_OSMIUM;9992;29;;;;;10011;12;;;;;10001.5;0.0
1;54600;INTARIAN_PEPPER_ROOT;10601;8;10597;20;;;10615;8;;;;;10608.0;0.0
1;54700;INTARIAN_PEPPER_ROOT;10601;10;10597;17;;;10615;10;10618;17;;;10608.0;0.0
1;54700;ASH_COATED_OSMIUM;9995;14;9993;30;;;10011;14;10014;30;;;10003.0;0.0
1;54800;INTARIAN_PEPPER_ROOT;;;;;;;10615;9;10618;25;;;10615.0;0.0
1;54800;ASH_COATED_OSMIUM;9995;12;9993;25;;;10011;12;;;;;10003.0;0.0
1;54900;INTARIAN_PEPPER_ROOT;10601;11;10598;18;;;10618;18;;;;;10609.5;0.0
1;54900;ASH_COATED_OSMIUM;9996;15;9993;30;;;10014;30;;;;;10005.0;0.0
1;55000;ASH_COATED_OSMIUM;9996;10;9993;29;;;;;;;;;9996.0;0.0
1;55000;INTARIAN_PEPPER_ROOT;;;;;;;10615;10;;;;;10615.0;0.0
1;55100;INTARIAN_PEPPER_ROOT;10601;8;10598;18;;;10615;8;;;;;10608.0;0.0
1;55100;ASH_COATED_OSMIUM;9996;11;9993;27;;;10012;11;;;;;10004.0;0.0
1;55200;INTARIAN_PEPPER_ROOT;10601;9;10598;25;;;10615;9;10618;25;;;10608.0;0.0
1;55200;ASH_COATED_OSMIUM;9993;23;;;;;10011;11;10014;23;;;10002.0;0.0
1;55300;INTARIAN_PEPPER_ROOT;10601;9;10598;17;;;10619;17;;;;;10610.0;0.0
1;55300;ASH_COATED_OSMIUM;9993;30;;;;;;;;;;;9993.0;0.0
1;55400;INTARIAN_PEPPER_ROOT;10601;10;10598;17;;;10615;10;10619;17;;;10608.0;0.0
1;55400;ASH_COATED_OSMIUM;9995;14;9993;24;;;10011;14;10014;24;;;10003.0;0.0
1;55500;ASH_COATED_OSMIUM;9995;13;9992;23;;;10011;13;10013;23;;;10003.0;0.0
1;55500;INTARIAN_PEPPER_ROOT;10601;11;;;;;10616;11;10619;22;;;10608.5;0.0
1;55600;INTARIAN_PEPPER_ROOT;10602;12;10598;16;;;10616;12;10619;16;;;10609.0;0.0
1;55600;ASH_COATED_OSMIUM;9995;14;9993;23;;;10011;14;10014;23;;;10003.0;0.0
1;55700;INTARIAN_PEPPER_ROOT;10606;8;10602;9;10598;15;10616;9;10619;15;;;10611.0;0.0
1;55700;ASH_COATED_OSMIUM;9995;11;9993;20;;;10014;20;;;;;10004.5;0.0
1;55800;INTARIAN_PEPPER_ROOT;10602;12;10599;20;;;10616;12;10619;20;;;10609.0;0.0
1;55800;ASH_COATED_OSMIUM;;;;;;;10011;11;10014;30;;;10011.0;0.0
1;55900;ASH_COATED_OSMIUM;9996;15;9993;22;;;10012;15;;;;;10004.0;0.0
1;55900;INTARIAN_PEPPER_ROOT;10599;16;;;;;;;;;;;10599.0;0.0
1;56000;INTARIAN_PEPPER_ROOT;10602;8;10599;25;;;10616;8;10619;25;;;10609.0;0.0
1;56000;ASH_COATED_OSMIUM;9996;15;9994;23;;;10012;15;10015;23;;;10004.0;0.0
1;56100;INTARIAN_PEPPER_ROOT;10599;15;;;;;10616;10;;;;;10607.5;0.0
1;56100;ASH_COATED_OSMIUM;9996;14;9994;24;;;10015;24;;;;;10005.5;0.0
1;56200;INTARIAN_PEPPER_ROOT;10599;15;;;;;10619;15;;;;;10609.0;0.0
1;56200;ASH_COATED_OSMIUM;9997;13;9994;24;;;10015;24;;;;;10006.0;0.0
1;56300;ASH_COATED_OSMIUM;9997;13;;;;;10013;13;10016;22;;;10005.0;0.0
1;56300;INTARIAN_PEPPER_ROOT;10599;24;;;;;10616;12;10620;24;;;10607.5;0.0
1;56400;INTARIAN_PEPPER_ROOT;10602;11;10599;18;;;10616;11;10620;18;;;10609.0;0.0
1;56400;ASH_COATED_OSMIUM;9998;11;;;;;10007;3;10014;11;10016;24;10002.5;0.0
1;56500;INTARIAN_PEPPER_ROOT;10602;8;10599;23;;;10617;8;10620;23;;;10609.5;0.0
1;56500;ASH_COATED_OSMIUM;9998;10;9995;24;;;10007;4;10014;10;10016;24;10002.5;0.0
1;56600;INTARIAN_PEPPER_ROOT;10603;11;;;;;10620;23;;;;;10611.5;0.0
1;56600;ASH_COATED_OSMIUM;9998;15;;;;;;;;;;;9998.0;0.0
1;56700;ASH_COATED_OSMIUM;9998;10;9996;20;;;10014;10;10017;20;;;10006.0;0.0
1;56700;INTARIAN_PEPPER_ROOT;10599;20;;;;;10617;10;10620;20;;;10608.0;0.0
1;56800;INTARIAN_PEPPER_ROOT;10600;18;;;;;10617;12;10620;18;;;10608.5;0.0
1;56800;ASH_COATED_OSMIUM;9998;12;9995;28;;;10014;12;;;;;10006.0;0.0
1;56900;INTARIAN_PEPPER_ROOT;10600;19;;;;;10617;12;10620;19;;;10608.5;0.0
1;56900;ASH_COATED_OSMIUM;9998;10;9995;20;;;10014;10;;;;;10006.0;0.0
1;57000;ASH_COATED_OSMIUM;9995;30;;;;;10014;12;;;;;10004.5;0.0
1;57000;INTARIAN_PEPPER_ROOT;10600;25;;;;;10617;12;10620;25;;;10608.5;0.0
1;57100;ASH_COATED_OSMIUM;9997;14;9995;24;;;10013;14;10016;24;;;10005.0;0.0
1;57100;INTARIAN_PEPPER_ROOT;10600;25;;;;;10617;11;;;;;10608.5;0.0
1;57200;ASH_COATED_OSMIUM;9997;11;9995;25;;;10013;11;;;;;10005.0;0.0
1;57200;INTARIAN_PEPPER_ROOT;10603;12;10600;21;;;10617;12;10620;21;;;10610.0;0.0
1;57300;INTARIAN_PEPPER_ROOT;10603;11;10600;24;;;10617;11;;;;;10610.0;0.0
1;57300;ASH_COATED_OSMIUM;9997;11;9995;28;;;10007;3;10013;11;10016;28;10002.0;0.0
1;57400;ASH_COATED_OSMIUM;;;;;;;10016;25;;;;;10016.0;0.0
1;57400;INTARIAN_PEPPER_ROOT;10603;11;10600;15;;;10617;11;10621;15;;;10610.0;0.0
1;57500;ASH_COATED_OSMIUM;9997;12;9995;27;;;10013;12;10016;27;;;10005.0;0.0
1;57500;INTARIAN_PEPPER_ROOT;10603;10;10600;19;;;10618;10;10621;19;;;10610.5;0.0
1;57600;INTARIAN_PEPPER_ROOT;10604;11;;;;;10618;11;;;;;10611.0;0.0
1;57600;ASH_COATED_OSMIUM;9995;22;;;;;10014;14;;;;;10004.5;0.0
1;57700;INTARIAN_PEPPER_ROOT;10604;8;10600;23;;;10618;8;;;;;10611.0;0.0
1;57700;ASH_COATED_OSMIUM;9997;10;9995;30;;;10016;30;;;;;10006.5;0.0
1;57800;INTARIAN_PEPPER_ROOT;10604;10;10601;18;;;10618;10;10621;18;;;10611.0;0.0
1;57800;ASH_COATED_OSMIUM;9997;13;9994;27;;;10013;13;10015;27;;;10005.0;0.0
1;57900;ASH_COATED_OSMIUM;9994;27;;;;;10013;15;10015;27;;;10003.5;0.0
1;57900;INTARIAN_PEPPER_ROOT;10601;18;;;;;10618;8;10621;18;;;10609.5;0.0
1;58000;INTARIAN_PEPPER_ROOT;10604;9;10601;21;;;10618;9;;;;;10611.0;0.0
1;58000;ASH_COATED_OSMIUM;9996;14;9993;27;;;10012;14;;;;;10004.0;0.0
1;58100;INTARIAN_PEPPER_ROOT;10601;17;;;;;10618;11;10621;17;;;10609.5;0.0
1;58100;ASH_COATED_OSMIUM;9996;14;9994;20;;;10002;9;10012;14;10015;20;9999.0;0.0
1;58200;INTARIAN_PEPPER_ROOT;10604;9;10601;24;;;10618;9;10621;24;;;10611.0;0.0
1;58200;ASH_COATED_OSMIUM;9994;27;;;;;10015;27;;;;;10004.5;0.0
1;58300;ASH_COATED_OSMIUM;9997;15;;;;;10013;15;10015;29;;;10005.0;0.0
1;58300;INTARIAN_PEPPER_ROOT;10604;8;10601;24;;;10618;8;10622;24;;;10611.0;0.0
1;58400;INTARIAN_PEPPER_ROOT;10604;8;10601;23;;;10618;8;10622;23;;;10611.0;0.0
1;58400;ASH_COATED_OSMIUM;9997;11;9995;23;;;10013;11;;;;;10005.0;0.0
1;58500;INTARIAN_PEPPER_ROOT;10604;12;10601;19;;;10619;12;10622;19;;;10611.5;0.0
1;58500;ASH_COATED_OSMIUM;9997;15;9995;26;;;10013;15;10016;26;;;10005.0;0.0
1;58600;INTARIAN_PEPPER_ROOT;10605;9;;;;;;;;;;;10605.0;0.0
1;58600;ASH_COATED_OSMIUM;9994;25;;;;;10013;12;;;;;10003.5;0.0
1;58700;ASH_COATED_OSMIUM;9997;12;;;;;10013;12;10016;29;;;10005.0;0.0
1;58700;INTARIAN_PEPPER_ROOT;10605;8;10601;16;;;10619;8;10622;16;;;10612.0;0.0
1;58800;INTARIAN_PEPPER_ROOT;10602;17;;;;;10619;9;;;;;10610.5;0.0
1;58800;ASH_COATED_OSMIUM;9997;15;9995;28;;;10013;15;;;;;10005.0;0.0
1;58900;INTARIAN_PEPPER_ROOT;;;;;;;10619;11;10622;24;;;10619.0;0.0
1;58900;ASH_COATED_OSMIUM;9997;14;9995;24;;;10013;14;10016;24;;;10005.0;0.0
1;59000;INTARIAN_PEPPER_ROOT;10605;11;10602;25;;;10619;11;10622;25;;;10612.0;0.0
1;59000;ASH_COATED_OSMIUM;9998;10;;;;;10014;10;10017;21;;;10006.0;0.0
1;59100;ASH_COATED_OSMIUM;9998;10;9995;28;;;10014;10;10016;28;;;10006.0;0.0
1;59100;INTARIAN_PEPPER_ROOT;10605;10;10602;24;;;10619;10;10622;24;;;10612.0;0.0
1;59200;INTARIAN_PEPPER_ROOT;10616;8;10605;12;10602;25;10619;12;10622;25;;;10617.5;0.0
1;59200;ASH_COATED_OSMIUM;10004;5;9996;20;;;10014;12;10017;20;;;10009.0;0.0
1;59300;INTARIAN_PEPPER_ROOT;10605;8;10602;19;;;10619;8;10623;19;;;10612.0;0.0
1;59300;ASH_COATED_OSMIUM;9999;15;9996;24;;;;;;;;;9999.0;0.0
1;59400;INTARIAN_PEPPER_ROOT;10605;8;;;;;10619;8;10623;17;;;10612.0;0.0
1;59400;ASH_COATED_OSMIUM;9998;10;;;;;10014;10;10017;27;;;10006.0;0.0
1;59500;ASH_COATED_OSMIUM;9996;22;;;;;10017;22;;;;;10006.5;0.0
1;59500;INTARIAN_PEPPER_ROOT;10602;20;;;;;10623;20;;;;;10612.5;0.0
1;59600;INTARIAN_PEPPER_ROOT;10606;9;10602;22;;;10620;9;10623;22;;;10613.0;0.0
1;59600;ASH_COATED_OSMIUM;9999;12;9996;26;;;10017;26;;;;;10008.0;0.0
1;59700;INTARIAN_PEPPER_ROOT;10605;11;;;;;10614;12;10619;11;10622;18;10609.5;0.0
1;59700;ASH_COATED_OSMIUM;9999;11;;;;;10009;3;10015;11;10018;24;10004.0;0.0
1;59800;ASH_COATED_OSMIUM;9999;12;9997;29;;;10018;29;;;;;10008.5;0.0
1;59800;INTARIAN_PEPPER_ROOT;10605;8;10602;16;;;10619;8;10622;16;;;10612.0;0.0
1;59900;ASH_COATED_OSMIUM;9996;23;;;;;10015;14;10017;23;;;10005.5;0.0
1;59900;INTARIAN_PEPPER_ROOT;10602;23;;;;;10619;12;;;;;10610.5;0.0
1;60000;ASH_COATED_OSMIUM;9999;14;9996;29;;;10015;14;10017;29;;;10007.0;0.0
1;60000;INTARIAN_PEPPER_ROOT;10605;9;10602;24;;;10619;9;10622;24;;;10612.0;0.0
1;60100;INTARIAN_PEPPER_ROOT;10605;11;10602;19;;;10619;11;10622;19;;;10612.0;0.0
1;60100;ASH_COATED_OSMIUM;9998;11;9996;21;;;10014;11;;;;;10006.0;0.0
1;60200;ASH_COATED_OSMIUM;9998;13;9996;24;;;10017;24;;;;;10007.5;0.0
1;60200;INTARIAN_PEPPER_ROOT;10605;10;10602;19;;;10619;10;10622;19;;;10612.0;0.0
1;60300;ASH_COATED_OSMIUM;9998;13;9996;21;;;10004;9;10014;13;10017;21;10001.0;0.0
1;60300;INTARIAN_PEPPER_ROOT;10602;19;;;;;10619;8;10623;19;;;10610.5;0.0
1;60400;ASH_COATED_OSMIUM;9998;13;;;;;10014;13;10017;26;;;10006.0;0.0
1;60400;INTARIAN_PEPPER_ROOT;10605;11;10602;16;;;10619;11;;;;;10612.0;0.0
1;60500;INTARIAN_PEPPER_ROOT;10605;10;;;;;10620;10;10623;22;;;10612.5;0.0
1;60500;ASH_COATED_OSMIUM;9998;13;9996;29;;;10014;13;10017;29;;;10006.0;0.0
1;60600;ASH_COATED_OSMIUM;9999;11;9996;26;;;10017;26;;;;;10008.0;0.0
1;60600;INTARIAN_PEPPER_ROOT;10606;10;;;;;10620;10;10623;25;;;10613.0;0.0
1;60700;ASH_COATED_OSMIUM;9999;14;;;;;10015;14;10017;23;;;10007.0;0.0
1;60700;INTARIAN_PEPPER_ROOT;10606;8;;;;;10620;8;10623;16;;;10613.0;0.0
1;60800;ASH_COATED_OSMIUM;9996;23;;;;;10017;23;;;;;10006.5;0.0
1;60800;INTARIAN_PEPPER_ROOT;10606;12;10603;19;;;10620;12;10623;19;;;10613.0;0.0
1;60900;INTARIAN_PEPPER_ROOT;10606;12;10603;24;;;10620;12;10623;24;;;10613.0;0.0
1;60900;ASH_COATED_OSMIUM;9999;12;9997;30;;;10015;12;10018;30;;;10007.0;0.0
1;61000;ASH_COATED_OSMIUM;9999;15;9997;26;;;10015;15;;;;;10007.0;0.0
1;61000;INTARIAN_PEPPER_ROOT;10606;10;10603;23;;;10620;10;10623;23;;;10613.0;0.0
1;61100;ASH_COATED_OSMIUM;9999;13;9996;30;;;10015;13;10017;30;;;10007.0;0.0
1;61100;INTARIAN_PEPPER_ROOT;10606;8;10603;15;;;10620;8;10623;15;;;10613.0;0.0
1;61200;ASH_COATED_OSMIUM;9999;11;9996;27;;;10015;11;;;;;10007.0;0.0
1;61200;INTARIAN_PEPPER_ROOT;10606;11;10603;22;;;10623;22;;;;;10614.5;0.0
1;61300;ASH_COATED_OSMIUM;9999;11;9996;30;;;10015;11;10017;30;;;10007.0;0.0
1;61300;INTARIAN_PEPPER_ROOT;10606;12;10603;23;;;10620;12;10624;23;;;10613.0;0.0
1;61400;INTARIAN_PEPPER_ROOT;10606;10;10603;21;;;10620;10;10624;21;;;10613.0;0.0
1;61400;ASH_COATED_OSMIUM;9999;15;9996;23;;;10015;15;;;;;10007.0;0.0
1;61500;ASH_COATED_OSMIUM;9999;14;9996;30;;;;;;;;;9999.0;0.0
1;61500;INTARIAN_PEPPER_ROOT;10606;11;10603;23;;;10621;11;10624;23;;;10613.5;0.0
1;61600;ASH_COATED_OSMIUM;9996;21;;;;;10004;4;10015;13;;;10000.0;0.0
1;61600;INTARIAN_PEPPER_ROOT;10607;9;;;;;10624;15;;;;;10615.5;0.0
1;61700;ASH_COATED_OSMIUM;9999;11;9996;29;;;10015;11;;;;;10007.0;0.0
1;61700;INTARIAN_PEPPER_ROOT;10607;11;10603;22;;;10621;11;10624;22;;;10614.0;0.0
1;61800;INTARIAN_PEPPER_ROOT;10607;10;;;;;10621;10;10624;18;;;10614.0;0.0
1;61800;ASH_COATED_OSMIUM;9996;27;;;;;10015;12;10017;27;;;10005.5;0.0
1;61900;ASH_COATED_OSMIUM;9996;21;;;;;10015;10;10017;21;;;10005.5;0.0
1;61900;INTARIAN_PEPPER_ROOT;10607;11;;;;;10621;11;10624;18;;;10614.0;0.0
1;62000;ASH_COATED_OSMIUM;9998;13;9996;21;;;10014;13;10017;21;;;10006.0;0.0
1;62000;INTARIAN_PEPPER_ROOT;10607;12;10604;17;;;10621;12;10624;17;;;10614.0;0.0
1;62100;INTARIAN_PEPPER_ROOT;10604;21;;;;;10621;8;10624;21;;;10612.5;0.0
1;62100;ASH_COATED_OSMIUM;9995;24;;;;;10014;12;10016;24;;;10004.5;0.0
1;62200;INTARIAN_PEPPER_ROOT;10607;11;10604;16;;;10621;11;10624;16;;;10614.0;0.0
1;62200;ASH_COATED_OSMIUM;9998;10;9996;29;;;10014;10;;;;;10006.0;0.0
1;62300;INTARIAN_PEPPER_ROOT;10607;12;10604;18;;;10621;12;10625;18;;;10614.0;0.0
1;62300;ASH_COATED_OSMIUM;;;;;;;10016;21;;;;;10016.0;0.0
1;62400;ASH_COATED_OSMIUM;9998;13;9996;30;;;10014;13;10017;30;;;10006.0;0.0
1;62400;INTARIAN_PEPPER_ROOT;10607;10;10604;15;;;10621;10;10625;15;;;10614.0;0.0
1;62500;INTARIAN_PEPPER_ROOT;10607;9;10604;17;;;10622;9;;;;;10614.5;0.0
1;62500;ASH_COATED_OSMIUM;9998;14;9995;24;;;10014;14;10016;24;;;10006.0;0.0
1;62600;INTARIAN_PEPPER_ROOT;10608;12;;;;;10622;12;10625;25;;;10615.0;0.0
1;62600;ASH_COATED_OSMIUM;9997;15;9995;25;;;10016;25;;;;;10006.5;0.0
1;62700;INTARIAN_PEPPER_ROOT;10608;11;10604;17;;;10625;17;;;;;10616.5;0.0
1;62700;ASH_COATED_OSMIUM;9997;15;9995;24;;;10013;15;10016;24;;;10005.0;0.0
1;62800;ASH_COATED_OSMIUM;9998;10;9995;24;;;10014;10;10016;24;;;10006.0;0.0
1;62800;INTARIAN_PEPPER_ROOT;10608;10;10605;25;;;10622;10;10625;25;;;10615.0;0.0
1;62900;INTARIAN_PEPPER_ROOT;10605;18;;;;;10622;9;10625;18;;;10613.5;0.0
1;62900;ASH_COATED_OSMIUM;9998;13;9996;30;;;10014;13;10017;30;;;10006.0;0.0
1;63000;INTARIAN_PEPPER_ROOT;10605;25;;;;;10625;25;;;;;10615.0;0.0
1;63000;ASH_COATED_OSMIUM;9999;10;9996;24;;;10015;10;10017;24;;;10007.0;0.0
1;63100;INTARIAN_PEPPER_ROOT;10608;12;10605;16;;;10622;12;10625;16;;;10615.0;0.0
1;63100;ASH_COATED_OSMIUM;9999;14;9996;23;;;10015;14;10017;23;;;10007.0;0.0
1;63200;ASH_COATED_OSMIUM;9999;10;9996;20;;;10015;10;;;;;10007.0;0.0
1;63200;INTARIAN_PEPPER_ROOT;10608;10;10605;19;;;10625;19;;;;;10616.5;0.0
1;63300;INTARIAN_PEPPER_ROOT;10608;11;10605;18;;;10622;11;10626;18;;;10615.0;0.0
1;63300;ASH_COATED_OSMIUM;9996;24;;;;;10015;14;10017;24;;;10005.5;0.0
1;63400;INTARIAN_PEPPER_ROOT;10608;10;10605;17;;;10622;10;10626;17;;;10615.0;0.0
1;63400;ASH_COATED_OSMIUM;9999;10;9996;24;;;10017;24;;;;;10008.0;0.0
1;63500;INTARIAN_PEPPER_ROOT;10605;25;;;;;10623;10;10626;25;;;10614.0;0.0
1;63500;ASH_COATED_OSMIUM;9999;10;9996;23;;;10015;10;10017;23;;;10007.0;0.0
1;63600;ASH_COATED_OSMIUM;9999;11;9996;26;;;10015;11;10017;26;;;10007.0;0.0
1;63600;INTARIAN_PEPPER_ROOT;10609;8;10605;25;;;10623;8;10626;25;;;10616.0;0.0
1;63700;INTARIAN_PEPPER_ROOT;10605;25;;;;;10623;10;10626;25;;;10614.0;0.0
1;63700;ASH_COATED_OSMIUM;9998;14;9996;26;;;10014;14;10017;26;;;10006.0;0.0
1;63800;INTARIAN_PEPPER_ROOT;10609;12;10606;19;;;10623;12;;;;;10616.0;0.0
1;63800;ASH_COATED_OSMIUM;9996;20;;;;;10014;10;10017;20;;;10005.0;0.0
1;63900;INTARIAN_PEPPER_ROOT;10606;25;;;;;10623;10;10626;25;;;10614.5;0.0
1;63900;ASH_COATED_OSMIUM;;;;;;;10017;21;;;;;10017.0;0.0
1;64000;ASH_COATED_OSMIUM;9998;11;9995;25;;;10014;11;10016;25;;;10006.0;0.0
1;64000;INTARIAN_PEPPER_ROOT;10609;9;10606;16;;;10623;9;10626;16;;;10616.0;0.0
1;64100;INTARIAN_PEPPER_ROOT;;;;;;;10623;12;10626;23;;;10623.0;0.0
1;64100;ASH_COATED_OSMIUM;;;;;;;10016;26;;;;;10016.0;0.0
1;64200;INTARIAN_PEPPER_ROOT;10609;8;10606;16;;;10623;8;10626;16;;;10616.0;0.0
1;64200;ASH_COATED_OSMIUM;9997;11;9995;30;;;10013;11;10016;30;;;10005.0;0.0
1;64300;INTARIAN_PEPPER_ROOT;10609;10;;;;;10612;3;10623;10;10627;17;10610.5;0.0
1;64300;ASH_COATED_OSMIUM;9997;11;9995;20;;;10013;11;10016;20;;;10005.0;0.0
1;64400;INTARIAN_PEPPER_ROOT;10606;24;;;;;10623;11;10627;24;;;10614.5;0.0
1;64400;ASH_COATED_OSMIUM;9997;14;9995;21;;;10013;14;10016;21;;;10005.0;0.0
1;64500;ASH_COATED_OSMIUM;9997;13;9995;28;;;10013;13;;;;;10005.0;0.0
1;64500;INTARIAN_PEPPER_ROOT;10609;8;10606;18;;;10624;8;10627;18;;;10616.5;0.0
1;64600;INTARIAN_PEPPER_ROOT;10606;19;;;;;10627;19;;;;;10616.5;0.0
1;64600;ASH_COATED_OSMIUM;9997;10;9995;26;;;10013;10;10016;26;;;10005.0;0.0
1;64700;INTARIAN_PEPPER_ROOT;10610;9;10606;24;;;10624;9;10627;24;;;10617.0;0.0
1;64700;ASH_COATED_OSMIUM;9998;10;9995;28;;;10014;10;10016;28;;;10006.0;0.0
1;64800;INTARIAN_PEPPER_ROOT;10610;9;10607;25;;;10627;25;;;;;10618.5;0.0
1;64800;ASH_COATED_OSMIUM;9998;15;9995;25;;;10014;15;10016;25;;;10006.0;0.0
1;64900;ASH_COATED_OSMIUM;;;;;;;10013;13;10016;29;;;10013.0;0.0
1;64900;INTARIAN_PEPPER_ROOT;10607;23;;;;;10624;12;10627;23;;;10615.5;0.0
1;65000;INTARIAN_PEPPER_ROOT;10610;12;10607;17;;;10624;12;10627;17;;;10617.0;0.0
1;65000;ASH_COATED_OSMIUM;9995;25;;;;;10016;25;;;;;10005.5;0.0
1;65100;INTARIAN_PEPPER_ROOT;10607;18;;;;;10627;18;;;;;10617.0;0.0
1;65100;ASH_COATED_OSMIUM;9997;13;9994;25;;;10013;13;;;;;10005.0;0.0
1;65200;INTARIAN_PEPPER_ROOT;10610;9;10607;16;;;10624;9;10627;16;;;10617.0;0.0
1;65200;ASH_COATED_OSMIUM;9997;12;9994;23;;;10013;12;10016;23;;;10005.0;0.0
1;65300;ASH_COATED_OSMIUM;9997;11;9994;21;;;10013;11;10015;21;;;10005.0;0.0
1;65300;INTARIAN_PEPPER_ROOT;10610;12;10607;21;;;10624;12;10628;21;;;10617.0;0.0
1;65400;INTARIAN_PEPPER_ROOT;10610;12;10607;25;;;10624;12;10628;25;;;10617.0;0.0
1;65400;ASH_COATED_OSMIUM;9997;13;9995;23;;;10016;23;;;;;10006.5;0.0
1;65500;INTARIAN_PEPPER_ROOT;10610;9;10607;15;;;10628;15;;;;;10619.0;0.0
1;65500;ASH_COATED_OSMIUM;9997;11;9995;24;;;10013;11;10016;24;;;10005.0;0.0
1;65600;INTARIAN_PEPPER_ROOT;10611;11;10607;22;;;10625;11;10628;22;;;10618.0;0.0
1;65600;ASH_COATED_OSMIUM;9998;11;;;;;10016;26;;;;;10007.0;0.0
1;65700;ASH_COATED_OSMIUM;9998;14;9995;26;;;10014;14;10016;26;;;10006.0;0.0
1;65700;INTARIAN_PEPPER_ROOT;10611;12;;;;;10625;12;10628;15;;;10618.0;0.0
1;65800;ASH_COATED_OSMIUM;9995;24;;;;;10016;24;;;;;10005.5;0.0
1;65800;INTARIAN_PEPPER_ROOT;10611;12;;;;;10625;12;10628;17;;;10618.0;0.0
1;65900;INTARIAN_PEPPER_ROOT;10611;12;10608;22;;;10625;12;;;;;10618.0;0.0
1;65900;ASH_COATED_OSMIUM;9998;10;9995;29;;;10016;29;;;;;10007.0;0.0
1;66000;ASH_COATED_OSMIUM;9995;23;;;;;10014;13;;;;;10004.5;0.0
1;66000;INTARIAN_PEPPER_ROOT;10611;12;10608;20;;;10625;12;10628;20;;;10618.0;0.0
1;66100;ASH_COATED_OSMIUM;9998;12;9996;29;;;10014;12;10017;29;;;10006.0;0.0
1;66100;INTARIAN_PEPPER_ROOT;10611;8;10608;25;;;10625;8;;;;;10618.0;0.0
1;66200;ASH_COATED_OSMIUM;9998;10;9995;26;;;;;;;;;9998.0;0.0
1;66200;INTARIAN_PEPPER_ROOT;10611;8;10608;22;;;;;;;;;10611.0;0.0
1;66300;INTARIAN_PEPPER_ROOT;10611;11;10608;25;;;10625;11;;;;;10618.0;0.0
1;66300;ASH_COATED_OSMIUM;9998;11;9996;22;;;10017;22;;;;;10007.5;0.0
1;66400;ASH_COATED_OSMIUM;9998;14;9995;24;;;10014;14;10016;24;;;10006.0;0.0
1;66400;INTARIAN_PEPPER_ROOT;10611;10;10608;25;;;10629;25;;;;;10620.0;0.0
1;66500;ASH_COATED_OSMIUM;9995;30;;;;;10014;15;;;;;10004.5;0.0
1;66500;INTARIAN_PEPPER_ROOT;10608;19;;;;;10626;9;10629;19;;;10617.0;0.0
1;66600;INTARIAN_PEPPER_ROOT;10612;10;10608;16;;;10626;10;10629;16;;;10619.0;0.0
1;66600;ASH_COATED_OSMIUM;9998;12;9995;20;;;10016;20;;;;;10007.0;0.0
1;66700;INTARIAN_PEPPER_ROOT;10612;10;10608;21;;;10626;10;10629;21;;;10619.0;0.0
1;66700;ASH_COATED_OSMIUM;9998;11;9996;20;;;10014;11;10017;20;;;10006.0;0.0
1;66800;INTARIAN_PEPPER_ROOT;10612;10;10609;20;;;10626;10;10629;20;;;10619.0;0.0
1;66800;ASH_COATED_OSMIUM;9999;11;9996;27;;;10017;27;;;;;10008.0;0.0
1;66900;ASH_COATED_OSMIUM;9999;11;9996;21;;;10015;11;10017;21;;;10007.0;0.0
1;66900;INTARIAN_PEPPER_ROOT;10612;12;10609;22;;;;;;;;;10612.0;0.0
1;67000;INTARIAN_PEPPER_ROOT;10612;9;10609;23;;;10626;9;10629;23;;;10619.0;0.0
1;67000;ASH_COATED_OSMIUM;9999;15;9997;22;;;10015;15;10018;22;;;10007.0;0.0
1;67100;INTARIAN_PEPPER_ROOT;10612;11;10609;20;;;10626;11;10629;20;;;10619.0;0.0
1;67100;ASH_COATED_OSMIUM;9999;10;9996;23;;;10015;10;10017;23;;;10007.0;0.0
1;67200;INTARIAN_PEPPER_ROOT;10612;9;;;;;10626;9;;;;;10619.0;0.0
1;67200;ASH_COATED_OSMIUM;9999;12;9996;26;;;10015;12;10017;26;;;10007.0;0.0
1;67300;ASH_COATED_OSMIUM;9999;10;9996;26;;;10015;10;10018;26;;;10007.0;0.0
1;67300;INTARIAN_PEPPER_ROOT;10612;8;10609;15;;;10626;8;10630;15;;;10619.0;0.0
1;67400;INTARIAN_PEPPER_ROOT;10612;9;10609;17;;;10626;9;10630;17;;;10619.0;0.0
1;67400;ASH_COATED_OSMIUM;9997;21;;;;;10015;11;10018;21;;;10006.0;0.0
1;67500;INTARIAN_PEPPER_ROOT;10612;9;10609;19;;;10627;9;10630;19;;;10619.5;0.0
1;67500;ASH_COATED_OSMIUM;9999;12;9997;27;;;10015;12;10018;27;;;10007.0;0.0
1;67600;INTARIAN_PEPPER_ROOT;10613;9;10609;23;;;10627;9;10630;23;;;10620.0;0.0
1;67600;ASH_COATED_OSMIUM;9999;11;9997;25;;;10015;11;10018;25;;;10007.0;0.0
1;67700;ASH_COATED_OSMIUM;10000;11;;;;;10016;11;10018;25;;;10008.0;0.0
1;67700;INTARIAN_PEPPER_ROOT;10613;11;10609;17;;;10627;11;10630;17;;;10620.0;0.0
1;67800;INTARIAN_PEPPER_ROOT;10613;12;;;;;10627;12;10630;21;;;10620.0;0.0
1;67800;ASH_COATED_OSMIUM;10000;10;;;;;10016;10;10018;25;;;10008.0;0.0
1;67900;INTARIAN_PEPPER_ROOT;10613;12;10610;20;;;10627;12;10630;20;;;10620.0;0.0
1;67900;ASH_COATED_OSMIUM;10000;13;9997;21;;;10018;21;;;;;10009.0;0.0
1;68000;INTARIAN_PEPPER_ROOT;10613;11;10610;16;;;10627;11;10630;16;;;10620.0;0.0
1;68000;ASH_COATED_OSMIUM;10000;12;9997;29;;;10018;29;;;;;10009.0;0.0
