day;timestamp;product;bid_price_1;bid_volume_1;bid_price_2;bid_volume_2;bid_price_3;bid_volume_3;ask_price_1;ask_volume_1;ask_price_2;ask_volume_2;ask_price_3;ask_volume_3;mid_price;profit_and_loss
0;0;ASH_COATED_OSMIUM;9995;13;9992;21;;;10011;13;10013;21;;;10003.0;0.0
0;0;INTARIAN_PEPPER_ROOT;12013;25;;;;;12028;9;12031;25;;;12020.5;0.0
0;100;INTARIAN_PEPPER_ROOT;12012;22;;;;;12028;8;12031;22;;;12020.0;0.0
0;100;ASH_COATED_OSMIUM;9995;15;9992;26;;;10011;15;10013;26;;;10003.0;0.0
0;200;INTARIAN_PEPPER_ROOT;12015;9;12012;22;;;12031;22;;;;;12023.0;0.0
0;200;ASH_COATED_OSMIUM;9994;15;;;;;;;;;;;9994.0;0.0
0;300;ASH_COATED_OSMIUM;9994;12;9992;27;;;10013;27;;;;;10003.5;0.0
0;300;INTARIAN_PEPPER_ROOT;12015;8;;;;;12028;8;12031;23;;;12021.5;0.0
0;400;ASH_COATED_OSMIUM;10003;8;9994;12;9991;25;10010;12;10012;25;;;10006.5;0.0
0;400;INTARIAN_PEPPER_ROOT;12015;10;12012;15;;;12028;10;12031;15;;;12021.5;0.0
0;500;INTARIAN_PEPPER_ROOT;;;;;;;12027;9;12030;19;;;12027.0;0.0
0;500;ASH_COATED_OSMIUM;9994;11;9991;22;;;10010;11;;;;;10002.0;0.0
0;600;INTARIAN_PEPPER_ROOT;12014;11;12011;23;;;12030;23;;;;;12022.0;0.0
0;600;ASH_COATED_OSMIUM;9994;13;9991;25;;;10010;13;;;;;10002.0;0.0
0;700;ASH_COATED_OSMIUM;9994;11;9991;23;;;10012;23;;;;;10003.0;0.0
0;700;INTARIAN_PEPPER_ROOT;12014;9;12011;24;;;12027;9;12030;24;;;12020.5;0.0
0;800;ASH_COATED_OSMIUM;;;;;;;;;;;;;0.0;0.0
0;800;INTARIAN_PEPPER_ROOT;12014;8;12011;20;;;12027;8;;;;;12020.5;0.0
0;900;INTARIAN_PEPPER_ROOT;12010;25;;;;;12026;8;12029;25;;;12018.0;0.0
0;900;ASH_COATED_OSMIUM;9992;12;9990;21;;;10008;12;10011;21;;;10000.0;0.0
0;1000;INTARIAN_PEPPER_ROOT;12013;10;;;;;12026;10;12029;21;;;12019.5;0.0
0;1000;ASH_COATED_OSMIUM;9990;28;;;;;10009;14;10011;28;;;9999.5;0.0
0;1100;ASH_COATED_OSMIUM;9990;28;;;;;10009;13;;;;;9999.5;0.0
0;1100;INTARIAN_PEPPER_ROOT;12014;11;;;;;12027;11;12030;24;;;12020.5;0.0
0;1200;ASH_COATED_OSMIUM;9993;12;9991;28;;;10009;12;10012;28;;;10001.0;0.0
0;1200;INTARIAN_PEPPER_ROOT;12014;9;12011;22;;;12027;9;;;;;12020.5;0.0
0;1300;INTARIAN_PEPPER_ROOT;12013;12;12010;16;;;12026;12;12029;16;;;12019.5;0.0
0;1300;ASH_COATED_OSMIUM;9993;13;;;;;10009;13;10012;23;;;10001.0;0.0
0;1400;INTARIAN_PEPPER_ROOT;12013;10;12010;17;;;12026;10;12029;17;;;12019.5;0.0
0;1400;ASH_COATED_OSMIUM;9993;10;9990;24;;;10009;10;10011;24;;;10001.0;0.0
0;1500;ASH_COATED_OSMIUM;9992;12;9990;29;;;10008;12;10011;29;;;10000.0;0.0
0;1500;INTARIAN_PEPPER_ROOT;12013;11;12010;16;;;12026;11;12029;16;;;12019.5;0.0
0;1600;ASH_COATED_OSMIUM;9992;14;9990;23;;;10008;14;10011;23;;;10000.0;0.0
0;1600;INTARIAN_PEPPER_ROOT;12013;8;12010;23;;;12026;8;12029;23;;;12019.5;0.0
0;1700;INTARIAN_PEPPER_ROOT;12013;9;12010;15;;;12029;15;;;;;12021.0;0.0
0;1700;ASH_COATED_OSMIUM;9992;13;9990;24;;;10008;13;;;;;10000.0;0.0
0;1800;INTARIAN_PEPPER_ROOT;12012;9;12009;16;;;12028;16;;;;;12020.0;0.0
0;1800;ASH_COATED_OSMIUM;9992;13;;;;;10001;4;10010;28;;;9996.5;0.0
0;1900;ASH_COATED_OSMIUM;9992;15;9990;24;;;10008;15;10011;24;;;10000.0;0.0
0;1900;INTARIAN_PEPPER_ROOT;12012;10;;;;;12025;10;12028;25;;;12018.5;0.0
0;2000;ASH_COATED_OSMIUM;9991;22;;;;;10009;13;10012;22;;;10000.0;0.0
0;2000;INTARIAN_PEPPER_ROOT;12012;12;12009;22;;;12026;12;12029;22;;;12019.0;0.0
0;2100;INTARIAN_PEPPER_ROOT;12013;8;;;;;12026;8;12029;15;;;12019.5;0.0
0;2100;ASH_COATED_OSMIUM;9993;12;9991;25;;;10009;12;10012;25;;;10001.0;0.0
0;2200;INTARIAN_PEPPER_ROOT;12009;23;;;;;12028;23;;;;;12018.5;0.0
0;2200;ASH_COATED_OSMIUM;9991;29;;;;;10009;10;10012;29;;;10000.0;0.0
0;2300;INTARIAN_PEPPER_ROOT;12012;9;12009;25;;;12028;25;;;;;12020.0;0.0
0;2300;ASH_COATED_OSMIUM;9993;14;9991;20;;;10009;14;;;;;10001.0;0.0
0;2400;INTARIAN_PEPPER_ROOT;12012;8;;;;;12025;8;12028;22;;;12018.5;0.0
0;2400;ASH_COATED_OSMIUM;9993;10;9991;25;;;10009;10;10012;25;;;10001.0;0.0
0;2500;ASH_COATED_OSMIUM;9993;14;;;;;10009;14;;;;;10001.0;0.0
0;2500;INTARIAN_PEPPER_ROOT;12012;10;12009;15;;;12025;10;12028;15;;;12018.5;0.0
0;2600;ASH_COATED_OSMIUM;9993;13;9991;20;;;10009;13;10012;20;;;10001.0;0.0
0;2600;INTARIAN_PEPPER_ROOT;12011;8;12008;25;;;12024;8;12027;25;;;12017.5;0.0
0;2700;ASH_COATED_OSMIUM;9993;14;9991;29;;;10012;29;;;;;10002.5;0.0
0;2700;INTARIAN_PEPPER_ROOT;12011;11;12008;19;;;12014;8;12024;11;;;12012.5;0.0
0;2800;ASH_COATED_OSMIUM;9991;22;;;;;10009;11;10012;22;;;10000.0;0.0
0;2800;INTARIAN_PEPPER_ROOT;12011;12;12008;25;;;12024;12;12027;25;;;12017.5;0.0
0;2900;ASH_COATED_OSMIUM;;;;;;;10009;15;10012;21;;;10009.0;0.0
0;2900;INTARIAN_PEPPER_ROOT;12021;8;12011;12;;;12024;12;;;;;12022.5;0.0
0;3000;ASH_COATED_OSMIUM;9993;13;;;;;10009;13;;;;;10001.0;0.0
0;3000;INTARIAN_PEPPER_ROOT;12010;9;12007;21;;;12024;9;12027;21;;;12017.0;0.0
0;3100;ASH_COATED_OSMIUM;9994;10;9991;25;;;10010;10;10012;25;;;10002.0;0.0
0;3100;INTARIAN_PEPPER_ROOT;12011;11;12008;21;;;12024;11;;;;;12017.5;0.0
0;3200;INTARIAN_PEPPER_ROOT;12011;9;12008;25;;;12024;9;;;;;12017.5;0.0
0;3200;ASH_COATED_OSMIUM;9993;12;;;;;10009;12;10012;28;;;10001.0;0.0
0;3300;INTARIAN_PEPPER_ROOT;12011;10;12008;17;;;12027;17;;;;;12019.0;0.0
0;3300;ASH_COATED_OSMIUM;9993;12;9991;26;;;10012;26;;;;;10002.5;0.0
0;3400;INTARIAN_PEPPER_ROOT;12010;12;12007;24;;;12023;12;12026;24;;;12016.5;0.0
0;3400;ASH_COATED_OSMIUM;9993;11;;;;;10009;11;10012;25;;;10001.0;0.0
0;3500;INTARIAN_PEPPER_ROOT;12010;11;12007;25;;;12023;11;12026;25;;;12016.5;0.0
0;3500;ASH_COATED_OSMIUM;9993;10;9991;21;;;10009;10;10012;21;;;10001.0;0.0
0;3600;INTARIAN_PEPPER_ROOT;12010;10;;;;;12023;10;12026;22;;;12016.5;0.0
0;3600;ASH_COATED_OSMIUM;9993;10;9991;30;;;10009;10;10012;30;;;10001.0;0.0
0;3700;ASH_COATED_OSMIUM;9993;15;9991;24;;;10009;15;10012;24;;;10001.0;0.0
0;3700;INTARIAN_PEPPER_ROOT;12010;8;;;;;12026;25;;;;;12018.0;0.0
0;3800;INTARIAN_PEPPER_ROOT;12009;10;12006;19;;;12022;10;;;;;12015.5;0.0
0;3800;ASH_COATED_OSMIUM;9999;5;9993;13;9991;29;10009;13;10012;29;;;10004.0;0.0
0;3900;ASH_COATED_OSMIUM;9993;13;9991;26;;;10009;13;;;;;10001.0;0.0
0;3900;INTARIAN_PEPPER_ROOT;;;;;;;12022;9;12025;25;;;12022.0;0.0
0;4000;INTARIAN_PEPPER_ROOT;12009;12;12006;23;;;12023;12;12026;23;;;12016.0;0.0
0;4000;ASH_COATED_OSMIUM;9991;30;;;;;10012;30;;;;;10001.5;0.0
0;4100;ASH_COATED_OSMIUM;9998;3;9992;14;9990;25;10008;14;;;;;10003.0;0.0
0;4100;INTARIAN_PEPPER_ROOT;12007;25;;;;;12023;8;12026;25;;;12015.0;0.0
0;4200;INTARIAN_PEPPER_ROOT;12009;10;12006;19;;;12022;10;12025;19;;;12015.5;0.0
0;4200;ASH_COATED_OSMIUM;9993;10;;;;;10011;26;;;;;10002.0;0.0
0;4300;ASH_COATED_OSMIUM;9990;24;;;;;10009;12;10011;24;;;9999.5;0.0
0;4300;INTARIAN_PEPPER_ROOT;12009;11;12006;25;;;12025;25;;;;;12017.0;0.0
0;4400;INTARIAN_PEPPER_ROOT;12006;22;;;;;12022;10;12025;22;;;12014.0;0.0
0;4400;ASH_COATED_OSMIUM;9993;10;9990;22;;;10009;10;10011;22;;;10001.0;0.0
0;4500;ASH_COATED_OSMIUM;9990;26;;;;;10009;14;10011;26;;;9999.5;0.0
0;4500;INTARIAN_PEPPER_ROOT;12009;11;12006;15;;;12022;11;;;;;12015.5;0.0
0;4600;INTARIAN_PEPPER_ROOT;12008;9;12005;22;;;12021;9;12024;22;;;12014.5;0.0
0;4600;ASH_COATED_OSMIUM;9993;15;;;;;10011;21;;;;;10002.0;0.0
0;4700;ASH_COATED_OSMIUM;9993;14;;;;;10009;14;10011;27;;;10001.0;0.0
0;4700;INTARIAN_PEPPER_ROOT;12005;15;;;;;12021;12;;;;;12013.0;0.0
0;4800;INTARIAN_PEPPER_ROOT;12008;11;12005;21;;;12017;4;12021;11;12024;21;12012.5;0.0
0;4800;ASH_COATED_OSMIUM;9993;10;;;;;10011;28;;;;;10002.0;0.0
0;4900;ASH_COATED_OSMIUM;9993;15;9990;27;;;10009;15;;;;;10001.0;0.0
0;4900;INTARIAN_PEPPER_ROOT;12008;12;12005;16;;;12021;12;12024;16;;;12014.5;0.0
0;5000;INTARIAN_PEPPER_ROOT;12008;10;12005;23;;;12025;23;;;;;12016.5;0.0
0;5000;ASH_COATED_OSMIUM;9992;12;9990;29;;;10008;12;10011;29;;;10000.0;0.0
0;5100;ASH_COATED_OSMIUM;9993;11;9990;24;;;10009;11;;;;;10001.0;0.0
0;5100;INTARIAN_PEPPER_ROOT;12005;25;;;;;;;;;;;12005.0;0.0
0;5200;INTARIAN_PEPPER_ROOT;12008;12;12005;19;;;12021;12;;;;;12014.5;0.0
0;5200;ASH_COATED_OSMIUM;9993;15;;;;;10009;15;10011;29;;;10001.0;0.0
0;5300;ASH_COATED_OSMIUM;9993;15;9990;21;;;;;;;;;9993.0;0.0
0;5300;INTARIAN_PEPPER_ROOT;12008;8;12005;21;;;12021;8;12024;21;;;12014.5;0.0
0;5400;INTARIAN_PEPPER_ROOT;12008;8;12005;16;;;12024;16;;;;;12016.0;0.0
0;5400;ASH_COATED_OSMIUM;9993;14;9990;20;;;10009;14;10011;20;;;10001.0;0.0
0;5500;ASH_COATED_OSMIUM;9994;13;9991;28;;;10010;13;10012;28;;;10002.0;0.0
0;5500;INTARIAN_PEPPER_ROOT;12007;10;12004;24;;;12020;10;;;;;12013.5;0.0
0;5600;INTARIAN_PEPPER_ROOT;12007;11;;;;;12020;11;;;;;12013.5;0.0
0;5600;ASH_COATED_OSMIUM;9991;21;;;;;10009;14;10012;21;;;10000.0;0.0
0;5700;ASH_COATED_OSMIUM;9993;12;9991;29;;;10009;12;10012;29;;;10001.0;0.0
0;5700;INTARIAN_PEPPER_ROOT;12007;8;12004;19;;;12010;5;12023;19;;;12008.5;0.0
0;5800;INTARIAN_PEPPER_ROOT;12007;11;12004;22;;;;;;;;;12007.0;0.0
0;5800;ASH_COATED_OSMIUM;9994;10;;;;;10010;10;10012;28;;;10002.0;0.0
0;5900;ASH_COATED_OSMIUM;9993;15;9991;29;;;10009;15;10012;29;;;10001.0;0.0
0;5900;INTARIAN_PEPPER_ROOT;12006;10;12003;23;;;12019;10;12022;23;;;12012.5;0.0
0;6000;INTARIAN_PEPPER_ROOT;12003;19;;;;;12020;11;;;;;12011.5;0.0
0;6000;ASH_COATED_OSMIUM;9993;15;9990;30;;;10009;15;10011;30;;;10001.0;0.0
0;6100;ASH_COATED_OSMIUM;9990;28;;;;;10009;11;10011;28;;;9999.5;0.0
0;6100;INTARIAN_PEPPER_ROOT;12007;9;12004;22;;;12020;9;12023;22;;;12013.5;0.0
0;6200;INTARIAN_PEPPER_ROOT;12004;15;;;;;12023;15;;;;;12013.5;0.0
0;6200;ASH_COATED_OSMIUM;9993;11;9990;20;;;10009;11;10011;20;;;10001.0;0.0
0;6300;ASH_COATED_OSMIUM;9993;12;9990;22;;;10009;12;10011;22;;;10001.0;0.0
0;6300;INTARIAN_PEPPER_ROOT;12007;11;12004;24;;;12020;11;;;;;12013.5;0.0
0;6400;INTARIAN_PEPPER_ROOT;12006;9;12003;22;;;12019;9;12022;22;;;12012.5;0.0
0;6400;ASH_COATED_OSMIUM;9992;14;9989;23;;;10008;14;10010;23;;;10000.0;0.0
0;6500;ASH_COATED_OSMIUM;9992;13;9990;24;;;10008;13;10011;24;;;10000.0;0.0
0;6500;INTARIAN_PEPPER_ROOT;12003;22;;;;;12019;10;12022;22;;;12011.0;0.0
0;6600;INTARIAN_PEPPER_ROOT;12006;12;12003;23;;;12019;12;12022;23;;;12012.5;0.0
0;6600;ASH_COATED_OSMIUM;9992;15;9989;25;;;;;;;;;9992.0;0.0
0;6700;INTARIAN_PEPPER_ROOT;12006;8;;;;;12019;8;;;;;12012.5;0.0
0;6700;ASH_COATED_OSMIUM;9992;13;;;;;10008;13;10011;29;;;10000.0;0.0
0;6800;INTARIAN_PEPPER_ROOT;12005;12;12002;16;;;;;;;;;12005.0;0.0
0;6800;ASH_COATED_OSMIUM;;;;;;;10008;10;10011;30;;;10008.0;0.0
0;6900;ASH_COATED_OSMIUM;9990;22;;;;;10008;12;;;;;9999.0;0.0
0;6900;INTARIAN_PEPPER_ROOT;12005;9;12002;19;;;12018;9;12021;19;;;12011.5;0.0
0;7000;ASH_COATED_OSMIUM;9990;22;;;;;10011;22;;;;;10000.5;0.0
0;7000;INTARIAN_PEPPER_ROOT;12002;24;;;;;12019;9;12022;24;;;12010.5;0.0
0;7100;ASH_COATED_OSMIUM;9992;15;9990;25;;;10008;15;10011;25;;;10000.0;0.0
0;7100;INTARIAN_PEPPER_ROOT;12006;12;12003;15;;;12019;12;12022;15;;;12012.5;0.0
0;7200;ASH_COATED_OSMIUM;9998;2;9993;11;9990;20;10011;20;;;;;10004.5;0.0
0;7200;INTARIAN_PEPPER_ROOT;12006;9;12003;23;;;12019;9;12022;23;;;12012.5;0.0
0;7300;ASH_COATED_OSMIUM;9992;11;9990;21;;;10011;21;;;;;10001.5;0.0
0;7300;INTARIAN_PEPPER_ROOT;;;;;;;12018;9;12021;17;;;12018.0;0.0
0;7400;ASH_COATED_OSMIUM;9993;15;9990;26;;;10009;15;10011;26;;;10001.0;0.0
0;7400;INTARIAN_PEPPER_ROOT;12002;23;;;;;;;;;;;12002.0;0.0
0;7500;ASH_COATED_OSMIUM;9993;14;9990;21;;;10009;14;10011;21;;;10001.0;0.0
0;7500;INTARIAN_PEPPER_ROOT;12005;9;;;;;12021;20;;;;;12013.0;0.0
0;7600;ASH_COATED_OSMIUM;9993;14;9990;30;;;9998;5;;;;;9995.5;0.0
0;7600;INTARIAN_PEPPER_ROOT;12005;9;12002;19;;;12018;9;12021;19;;;12011.5;0.0
0;7700;INTARIAN_PEPPER_ROOT;12005;8;;;;;12018;8;12021;20;;;12011.5;0.0
0;7700;ASH_COATED_OSMIUM;9993;10;9991;25;;;10009;10;10012;25;;;10001.0;0.0
0;7800;INTARIAN_PEPPER_ROOT;12004;12;12001;17;;;12017;12;12020;17;;;12010.5;0.0
0;7800;ASH_COATED_OSMIUM;9990;22;;;;;10009;11;10011;22;;;9999.5;0.0
0;7900;INTARIAN_PEPPER_ROOT;12001;23;;;;;12017;12;12020;23;;;12009.0;0.0
0;7900;ASH_COATED_OSMIUM;9993;13;9990;23;;;10009;13;10011;23;;;10001.0;0.0
0;8000;INTARIAN_PEPPER_ROOT;12004;8;12001;24;;;;;;;;;12004.0;0.0
0;8000;ASH_COATED_OSMIUM;9990;22;;;;;10008;15;10011;22;;;9999.0;0.0
0;8100;ASH_COATED_OSMIUM;9992;10;9989;30;;;10008;10;10010;30;;;10000.0;0.0
0;8100;INTARIAN_PEPPER_ROOT;12005;9;12002;18;;;;;;;;;12005.0;0.0
0;8200;ASH_COATED_OSMIUM;9992;12;9989;24;;;10008;12;10010;24;;;10000.0;0.0
0;8200;INTARIAN_PEPPER_ROOT;12002;19;;;;;12018;12;12021;19;;;12010.0;0.0
0;8300;INTARIAN_PEPPER_ROOT;12004;8;12001;24;;;;;;;;;12004.0;0.0
0;8300;ASH_COATED_OSMIUM;9992;15;9990;23;;;10011;23;;;;;10001.5;0.0
0;8400;INTARIAN_PEPPER_ROOT;12004;9;12001;24;;;12017;9;12020;24;;;12010.5;0.0
0;8400;ASH_COATED_OSMIUM;9992;13;9990;23;;;10008;13;10011;23;;;10000.0;0.0
0;8500;ASH_COATED_OSMIUM;9992;14;9989;21;;;10008;14;10010;21;;;10000.0;0.0
0;8500;INTARIAN_PEPPER_ROOT;12004;10;;;;;;;;;;;12004.0;0.0
0;8600;ASH_COATED_OSMIUM;9992;13;;;;;10010;24;;;;;10001.0;0.0
0;8600;INTARIAN_PEPPER_ROOT;12004;10;12001;22;;;12017;10;12020;22;;;12010.5;0.0
0;8700;INTARIAN_PEPPER_ROOT;12004;9;12001;17;;;12017;9;12020;17;;;12010.5;0.0
0;8700;ASH_COATED_OSMIUM;9991;11;9989;30;;;10010;30;;;;;10000.5;0.0
0;8800;INTARIAN_PEPPER_ROOT;12003;10;12000;23;;;12016;10;;;;;12009.5;0.0
0;8800;ASH_COATED_OSMIUM;9991;15;9989;22;;;10010;22;;;;;10000.5;0.0
0;8900;ASH_COATED_OSMIUM;9992;11;9989;27;;;10008;11;10010;27;;;10000.0;0.0
0;8900;INTARIAN_PEPPER_ROOT;12000;24;;;;;12016;8;;;;;12008.0;0.0
0;9000;ASH_COATED_OSMIUM;9992;14;9990;20;;;10008;14;;;;;10000.0;0.0
0;9000;INTARIAN_PEPPER_ROOT;12003;12;12000;22;;;12017;12;12020;22;;;12010.0;0.0
0;9100;INTARIAN_PEPPER_ROOT;12004;12;12001;20;;;12020;20;;;;;12012.0;0.0
0;9100;ASH_COATED_OSMIUM;9998;4;9992;12;9990;25;10008;12;10011;25;;;10003.0;0.0
0;9200;INTARIAN_PEPPER_ROOT;12004;12;;;;;12020;15;;;;;12012.0;0.0
0;9200;ASH_COATED_OSMIUM;9992;12;9990;21;;;10008;12;;;;;10000.0;0.0
0;9300;ASH_COATED_OSMIUM;9992;12;;;;;10010;23;;;;;10001.0;0.0
0;9300;INTARIAN_PEPPER_ROOT;12003;11;12000;23;;;12016;11;12019;23;;;12009.5;0.0
0;9400;ASH_COATED_OSMIUM;9992;10;9990;30;;;9998;10;10008;10;10011;30;9995.0;0.0
0;9400;INTARIAN_PEPPER_ROOT;12003;11;;;;;12016;11;12019;24;;;12009.5;0.0
0;9500;INTARIAN_PEPPER_ROOT;12003;11;12000;20;;;12016;11;12019;20;;;12009.5;0.0
0;9500;ASH_COATED_OSMIUM;9992;14;9990;27;;;10008;14;10011;27;;;10000.0;0.0
0;9600;INTARIAN_PEPPER_ROOT;12000;20;;;;;12016;12;12019;20;;;12008.0;0.0
0;9600;ASH_COATED_OSMIUM;9993;10;9990;30;;;10009;10;10011;30;;;10001.0;0.0
0;9700;ASH_COATED_OSMIUM;9991;26;;;;;10009;15;10012;26;;;10000.0;0.0
0;9700;INTARIAN_PEPPER_ROOT;12003;10;12000;23;;;12016;10;;;;;12009.5;0.0
0;9800;ASH_COATED_OSMIUM;9994;13;9991;29;;;10010;13;10012;29;;;10002.0;0.0
0;9800;INTARIAN_PEPPER_ROOT;12002;11;;;;;12015;11;;;;;12008.5;0.0
0;9900;INTARIAN_PEPPER_ROOT;12002;12;11999;17;;;12005;8;12015;12;12018;17;12003.5;0.0
0;9900;ASH_COATED_OSMIUM;9994;11;9992;29;;;10010;11;10013;29;;;10002.0;0.0
0;10000;INTARIAN_PEPPER_ROOT;12002;12;11999;18;;;12016;12;12019;18;;;12009.0;0.0
0;10000;ASH_COATED_OSMIUM;9994;13;;;;;10010;13;10013;23;;;10002.0;0.0
0;10100;ASH_COATED_OSMIUM;9994;10;9992;22;;;10010;10;10013;22;;;10002.0;0.0
0;10100;INTARIAN_PEPPER_ROOT;12003;12;12000;15;;;12016;12;12019;15;;;12009.5;0.0
0;10200;ASH_COATED_OSMIUM;9994;11;9992;23;;;10013;23;;;;;10003.5;0.0
0;10200;INTARIAN_PEPPER_ROOT;12003;10;12000;20;;;12016;10;12019;20;;;12009.5;0.0
0;10300;INTARIAN_PEPPER_ROOT;;;;;;;12016;9;12019;15;;;12016.0;0.0
0;10300;ASH_COATED_OSMIUM;9992;21;;;;;10013;21;;;;;10002.5;0.0
0;10400;INTARIAN_PEPPER_ROOT;12002;8;11999;23;;;12018;23;;;;;12010.0;0.0
0;10400;ASH_COATED_OSMIUM;9992;21;;;;;10010;12;10013;21;;;10001.0;0.0
0;10500;ASH_COATED_OSMIUM;9992;29;;;;;10013;29;;;;;10002.5;0.0
0;10500;INTARIAN_PEPPER_ROOT;12002;9;11999;19;;;12015;9;12018;19;;;12008.5;0.0
0;10600;ASH_COATED_OSMIUM;9994;11;9992;26;;;10010;11;10013;26;;;10002.0;0.0
0;10600;INTARIAN_PEPPER_ROOT;12002;12;;;;;12015;12;12018;16;;;12008.5;0.0
0;10700;INTARIAN_PEPPER_ROOT;;;;;;;12015;12;12018;22;;;12015.0;0.0
0;10700;ASH_COATED_OSMIUM;9994;13;9992;21;;;10013;21;;;;;10003.5;0.0
0;10800;INTARIAN_PEPPER_ROOT;12002;9;11999;20;;;12015;9;;;;;12008.5;0.0
0;10800;ASH_COATED_OSMIUM;9994;12;9992;23;;;10010;12;;;;;10002.0;0.0
0;10900;ASH_COATED_OSMIUM;9995;13;9992;30;;;10011;13;10013;30;;;10003.0;0.0
0;10900;INTARIAN_PEPPER_ROOT;12002;9;;;;;12015;9;12018;18;;;12008.5;0.0
0;11000;INTARIAN_PEPPER_ROOT;12001;9;;;;;12015;9;12018;16;;;12008.0;0.0
0;11000;ASH_COATED_OSMIUM;9995;11;9992;24;;;10004;5;10011;11;10013;24;9999.5;0.0
0;11100;INTARIAN_PEPPER_ROOT;;;;;;;12015;9;;;;;12015.0;0.0
0;11100;ASH_COATED_OSMIUM;9995;14;9992;25;;;10011;14;10013;25;;;10003.0;0.0
0;11200;INTARIAN_PEPPER_ROOT;12002;8;11999;24;;;12015;8;;;;;12008.5;0.0
0;11200;ASH_COATED_OSMIUM;9994;10;9992;26;;;10010;10;10013;26;;;10002.0;0.0
0;11300;INTARIAN_PEPPER_ROOT;12002;10;11999;18;;;12015;10;;;;;12008.5;0.0
0;11300;ASH_COATED_OSMIUM;9994;12;;;;;10010;12;10013;29;;;10002.0;0.0
0;11400;ASH_COATED_OSMIUM;9994;15;;;;;10013;22;;;;;10003.5;0.0
0;11400;INTARIAN_PEPPER_ROOT;12002;11;11999;18;;;12015;11;12018;18;;;12008.5;0.0
0;11500;ASH_COATED_OSMIUM;9994;15;9992;27;;;10010;15;;;;;10002.0;0.0
0;11500;INTARIAN_PEPPER_ROOT;12002;8;11999;25;;;12015;8;12018;25;;;12008.5;0.0
0;11600;ASH_COATED_OSMIUM;9994;11;;;;;10010;11;10013;30;;;10002.0;0.0
0;11600;INTARIAN_PEPPER_ROOT;12002;12;11999;23;;;12015;12;12018;23;;;12008.5;0.0
0;11700;ASH_COATED_OSMIUM;9994;15;;;;;10013;22;;;;;10003.5;0.0
0;11700;INTARIAN_PEPPER_ROOT;12001;10;;;;;12017;17;;;;;12009.0;0.0
0;11800;ASH_COATED_OSMIUM;9994;14;9991;25;;;10010;14;10012;25;;;10002.0;0.0
0;11800;INTARIAN_PEPPER_ROOT;12001;8;11998;17;;;12014;8;12017;17;;;12007.5;0.0
0;11900;ASH_COATED_OSMIUM;9994;11;9992;20;;;10010;11;;;;;10002.0;0.0
0;11900;INTARIAN_PEPPER_ROOT;12001;10;11998;20;;;12017;20;;;;;12009.0;0.0
0;12000;ASH_COATED_OSMIUM;9994;10;9992;22;;;10010;10;10013;22;;;10002.0;0.0
0;12000;INTARIAN_PEPPER_ROOT;12001;10;11998;25;;;12015;10;;;;;12008.0;0.0
0;12100;INTARIAN_PEPPER_ROOT;12002;12;11999;24;;;12015;12;12018;24;;;12008.5;0.0
0;12100;ASH_COATED_OSMIUM;9994;14;9992;24;;;10010;14;;;;;10002.0;0.0
0;12200;INTARIAN_PEPPER_ROOT;12002;10;11999;22;;;12015;10;12018;22;;;12008.5;0.0
0;12200;ASH_COATED_OSMIUM;9994;13;9992;24;;;10013;24;;;;;10003.5;0.0
0;12300;INTARIAN_PEPPER_ROOT;;;;;;;12014;11;;;;;12014.0;0.0
0;12300;ASH_COATED_OSMIUM;9994;11;;;;;10010;11;10013;20;;;10002.0;0.0
0;12400;INTARIAN_PEPPER_ROOT;11998;25;;;;;12017;25;;;;;12007.5;0.0
0;12400;ASH_COATED_OSMIUM;9995;14;9992;28;;;10013;28;;;;;10004.0;0.0
0;12500;ASH_COATED_OSMIUM;9995;15;9992;22;;;10013;22;;;;;10004.0;0.0
0;12500;INTARIAN_PEPPER_ROOT;12001;8;;;;;12014;8;12017;16;;;12007.5;0.0
0;12600;INTARIAN_PEPPER_ROOT;12001;10;11998;18;;;12003;3;12014;10;12017;18;12002.0;0.0
0;12600;ASH_COATED_OSMIUM;9995;11;9992;28;;;10011;11;10013;28;;;10003.0;0.0
0;12700;ASH_COATED_OSMIUM;9995;15;9992;23;;;10011;15;10013;23;;;10003.0;0.0
0;12700;INTARIAN_PEPPER_ROOT;11998;20;;;;;12014;11;;;;;12006.0;0.0
0;12800;INTARIAN_PEPPER_ROOT;12001;11;11998;19;;;;;;;;;12001.0;0.0
0;12800;ASH_COATED_OSMIUM;9994;15;9992;23;;;10013;23;;;;;10003.5;0.0
0;12900;ASH_COATED_OSMIUM;9995;14;9992;29;;;10011;14;10013;29;;;10003.0;0.0
0;12900;INTARIAN_PEPPER_ROOT;12001;10;;;;;12014;10;12017;20;;;12007.5;0.0
0;13000;INTARIAN_PEPPER_ROOT;12001;11;11998;20;;;12015;11;12018;20;;;12008.0;0.0
0;13000;ASH_COATED_OSMIUM;9995;13;;;;;10011;13;;;;;10003.0;0.0
0;13100;ASH_COATED_OSMIUM;9995;15;9993;24;;;10011;15;10014;24;;;10003.0;0.0
0;13100;INTARIAN_PEPPER_ROOT;12001;12;11998;16;;;12014;12;;;;;12007.5;0.0
0;13200;INTARIAN_PEPPER_ROOT;12001;12;11998;20;;;12014;12;;;;;12007.5;0.0
0;13200;ASH_COATED_OSMIUM;9996;12;;;;;10012;12;10014;20;;;10004.0;0.0
0;13300;ASH_COATED_OSMIUM;9995;15;9993;29;;;;;;;;;9995.0;0.0
0;13300;INTARIAN_PEPPER_ROOT;12001;12;;;;;12014;12;12017;25;;;12007.5;0.0
0;13400;INTARIAN_PEPPER_ROOT;12001;8;11998;24;;;12014;8;12017;24;;;12007.5;0.0
0;13400;ASH_COATED_OSMIUM;9995;12;9992;29;;;10011;12;10013;29;;;10003.0;0.0
0;13500;ASH_COATED_OSMIUM;9995;15;9993;21;;;10011;15;;;;;10003.0;0.0
0;13500;INTARIAN_PEPPER_ROOT;11998;21;;;;;12014;9;12017;21;;;12006.0;0.0
0;13600;INTARIAN_PEPPER_ROOT;12001;12;;;;;12014;12;12017;22;;;12007.5;0.0
0;13600;ASH_COATED_OSMIUM;9995;11;;;;;10011;11;10013;30;;;10003.0;0.0
0;13700;ASH_COATED_OSMIUM;9995;10;9993;29;;;10011;10;10014;29;;;10003.0;0.0
0;13700;INTARIAN_PEPPER_ROOT;12001;12;11998;22;;;12014;12;12017;22;;;12007.5;0.0
0;13800;INTARIAN_PEPPER_ROOT;12001;11;11998;17;;;12014;11;12017;17;;;12007.5;0.0
0;13800;ASH_COATED_OSMIUM;9995;12;9993;26;;;;;;;;;9995.0;0.0
0;13900;ASH_COATED_OSMIUM;9992;20;;;;;10011;12;;;;;10001.5;0.0
0;13900;INTARIAN_PEPPER_ROOT;12010;4;12000;12;11997;15;12013;12;12016;15;;;12011.5;0.0
0;14000;INTARIAN_PEPPER_ROOT;12000;9;11997;21;;;12017;21;;;;;12008.5;0.0
0;14000;ASH_COATED_OSMIUM;9995;15;;;;;10011;15;10013;28;;;10003.0;0.0
0;14100;ASH_COATED_OSMIUM;9995;14;9992;27;;;10011;14;;;;;10003.0;0.0
0;14100;INTARIAN_PEPPER_ROOT;12001;9;11998;15;;;12014;9;;;;;12007.5;0.0
0;14200;INTARIAN_PEPPER_ROOT;12001;11;11998;23;;;12014;11;;;;;12007.5;0.0
0;14200;ASH_COATED_OSMIUM;9994;15;9991;26;;;10010;15;10012;26;;;10002.0;0.0
0;14300;ASH_COATED_OSMIUM;9991;30;;;;;10010;13;10012;30;;;10000.5;0.0
0;14300;INTARIAN_PEPPER_ROOT;12001;12;11998;18;;;12014;12;12017;18;;;12007.5;0.0
0;14400;INTARIAN_PEPPER_ROOT;12001;10;11998;22;;;12009;11;12014;10;12017;22;12005.0;0.0
0;14400;ASH_COATED_OSMIUM;9994;10;;;;;10010;10;10012;26;;;10002.0;0.0
0;14500;ASH_COATED_OSMIUM;9994;10;9992;20;;;10004;5;10010;10;10013;20;9999.0;0.0
0;14500;INTARIAN_PEPPER_ROOT;12001;11;11998;19;;;12017;19;;;;;12009.0;0.0
0;14600;INTARIAN_PEPPER_ROOT;;;;;;;12014;12;;;;;12014.0;0.0
0;14600;ASH_COATED_OSMIUM;9994;15;9992;22;;;10010;15;10013;22;;;10002.0;0.0
0;14700;ASH_COATED_OSMIUM;9994;12;9992;26;;;10004;4;10010;12;10013;26;9999.0;0.0
0;14700;INTARIAN_PEPPER_ROOT;11998;16;;;;;12014;9;;;;;12006.0;0.0
0;14800;INTARIAN_PEPPER_ROOT;12000;8;11997;19;;;12013;8;12016;19;;;12006.5;0.0
0;14800;ASH_COATED_OSMIUM;9994;14;9992;23;;;10010;14;10013;23;;;10002.0;0.0
0;14900;ASH_COATED_OSMIUM;9992;20;;;;;10010;13;10013;20;;;10001.0;0.0
0;14900;INTARIAN_PEPPER_ROOT;11997;18;;;;;12013;11;12016;18;;;12005.0;0.0
0;15000;INTARIAN_PEPPER_ROOT;12000;11;11997;18;;;12014;11;12017;18;;;12007.0;0.0
0;15000;ASH_COATED_OSMIUM;9994;13;;;;;10004;3;10010;13;10013;25;9999.0;0.0
0;15100;ASH_COATED_OSMIUM;9994;11;;;;;10010;11;10012;26;;;10002.0;0.0
0;15100;INTARIAN_PEPPER_ROOT;12001;10;11998;16;;;12017;16;;;;;12009.0;0.0
0;15200;INTARIAN_PEPPER_ROOT;12001;12;11998;23;;;12014;12;12017;23;;;12007.5;0.0
0;15200;ASH_COATED_OSMIUM;9994;10;9992;25;;;10010;10;10013;25;;;10002.0;0.0
0;15300;ASH_COATED_OSMIUM;9992;24;;;;;;;;;;;9992.0;0.0
0;15300;INTARIAN_PEPPER_ROOT;12001;11;11998;25;;;12014;11;12017;25;;;12007.5;0.0
0;15400;INTARIAN_PEPPER_ROOT;12001;9;11998;24;;;12014;9;12017;24;;;12007.5;0.0
0;15400;ASH_COATED_OSMIUM;9994;14;9991;23;;;10010;14;10012;23;;;10002.0;0.0
0;15500;INTARIAN_PEPPER_ROOT;12001;12;;;;;12014;12;12017;16;;;12007.5;0.0
0;15500;ASH_COATED_OSMIUM;10003;10;9993;10;9991;22;10009;10;10012;22;;;10006.0;0.0
0;15600;INTARIAN_PEPPER_ROOT;12001;9;11998;22;;;12017;22;;;;;12009.0;0.0
0;15600;ASH_COATED_OSMIUM;9994;11;9991;23;;;10010;11;10012;23;;;10002.0;0.0
0;15700;INTARIAN_PEPPER_ROOT;11998;23;;;;;12017;23;;;;;12007.5;0.0
0;15700;ASH_COATED_OSMIUM;9991;20;;;;;10009;15;10012;20;;;10000.0;0.0
0;15800;ASH_COATED_OSMIUM;9993;15;9990;23;;;10009;15;10011;23;;;10001.0;0.0
0;15800;INTARIAN_PEPPER_ROOT;11998;16;;;;;12017;16;;;;;12007.5;0.0
0;15900;ASH_COATED_OSMIUM;9993;10;;;;;10009;10;;;;;10001.0;0.0
0;15900;INTARIAN_PEPPER_ROOT;12000;12;11997;23;;;12013;12;12016;23;;;12006.5;0.0
0;16000;ASH_COATED_OSMIUM;9993;10;9991;23;;;10009;10;10012;23;;;10001.0;0.0
0;16000;INTARIAN_PEPPER_ROOT;12000;9;11997;17;;;12014;9;12017;17;;;12007.0;0.0
0;16100;ASH_COATED_OSMIUM;9999;4;9991;25;;;10010;13;10012;25;;;10004.5;0.0
0;16100;INTARIAN_PEPPER_ROOT;12001;9;11998;25;;;12014;9;12017;25;;;12007.5;0.0
0;16200;ASH_COATED_OSMIUM;9994;12;9991;21;;;10010;12;10012;21;;;10002.0;0.0
0;16200;INTARIAN_PEPPER_ROOT;12001;12;11998;24;;;12014;12;12017;24;;;12007.5;0.0
0;16300;ASH_COATED_OSMIUM;9991;22;;;;;10009;13;10012;22;;;10000.0;0.0
0;16300;INTARIAN_PEPPER_ROOT;12001;8;11998;16;;;12014;8;12017;16;;;12007.5;0.0
0;16400;ASH_COATED_OSMIUM;9993;13;9991;26;;;10009;13;10012;26;;;10001.0;0.0
0;16400;INTARIAN_PEPPER_ROOT;12001;9;11998;21;;;12014;9;12017;21;;;12007.5;0.0
0;16500;ASH_COATED_OSMIUM;9990;22;;;;;10009;15;;;;;9999.5;0.0
0;16500;INTARIAN_PEPPER_ROOT;12001;11;11998;19;;;12017;19;;;;;12009.0;0.0
0;16600;INTARIAN_PEPPER_ROOT;12001;12;11998;25;;;12014;12;12017;25;;;12007.5;0.0
0;16600;ASH_COATED_OSMIUM;9992;15;;;;;10008;15;10011;27;;;10000.0;0.0
0;16700;INTARIAN_PEPPER_ROOT;11998;24;;;;;12014;10;;;;;12006.0;0.0
0;16700;ASH_COATED_OSMIUM;9992;13;;;;;;;;;;;9992.0;0.0
0;16800;INTARIAN_PEPPER_ROOT;12001;8;11998;23;;;12014;8;12017;23;;;12007.5;0.0
0;16800;ASH_COATED_OSMIUM;9992;10;9990;26;;;10008;10;10011;26;;;10000.0;0.0
0;16900;INTARIAN_PEPPER_ROOT;12001;10;11998;17;;;12017;17;;;;;12009.0;0.0
0;16900;ASH_COATED_OSMIUM;9992;14;9990;23;;;10008;14;10011;23;;;10000.0;0.0
0;17000;INTARIAN_PEPPER_ROOT;12001;9;11998;15;;;;;;;;;12001.0;0.0
0;17000;ASH_COATED_OSMIUM;9993;11;9991;27;;;10009;11;10012;27;;;10001.0;0.0
0;17100;ASH_COATED_OSMIUM;9993;12;9991;25;;;10009;12;10012;25;;;10001.0;0.0
0;17100;INTARIAN_PEPPER_ROOT;11999;17;;;;;12018;17;;;;;12008.5;0.0
0;17200;ASH_COATED_OSMIUM;9993;13;9991;24;;;10009;13;10012;24;;;10001.0;0.0
0;17200;INTARIAN_PEPPER_ROOT;11999;19;;;;;12015;9;12018;19;;;12007.0;0.0
0;17300;INTARIAN_PEPPER_ROOT;12001;8;11998;22;;;;;;;;;12001.0;0.0
0;17300;ASH_COATED_OSMIUM;9993;12;9991;29;;;10009;12;10012;29;;;10001.0;0.0
0;17400;INTARIAN_PEPPER_ROOT;12004;6;12001;9;11998;17;12014;9;12017;17;;;12009.0;0.0
0;17400;ASH_COATED_OSMIUM;9994;11;9991;21;;;10010;11;10012;21;;;10002.0;0.0
0;17500;ASH_COATED_OSMIUM;9993;11;9991;27;;;10009;11;10012;27;;;10001.0;0.0
0;17500;INTARIAN_PEPPER_ROOT;12001;9;11998;19;;;12014;9;12017;19;;;12007.5;0.0
0;17600;ASH_COATED_OSMIUM;9993;14;9991;25;;;10009;14;10012;25;;;10001.0;0.0
0;17600;INTARIAN_PEPPER_ROOT;12001;9;;;;;12014;9;12017;22;;;12007.5;0.0
0;17700;INTARIAN_PEPPER_ROOT;12001;8;11998;16;;;12017;16;;;;;12009.0;0.0
0;17700;ASH_COATED_OSMIUM;9993;10;9990;24;;;10009;10;10011;24;;;10001.0;0.0
0;17800;INTARIAN_PEPPER_ROOT;11998;24;;;;;12014;8;12017;24;;;12006.0;0.0
0;17800;ASH_COATED_OSMIUM;9993;10;9990;23;;;10011;23;;;;;10002.0;0.0
0;17900;ASH_COATED_OSMIUM;9993;11;9991;22;;;10009;11;;;;;10001.0;0.0
0;17900;INTARIAN_PEPPER_ROOT;12001;9;11998;20;;;12014;9;12017;20;;;12007.5;0.0
0;18000;ASH_COATED_OSMIUM;9993;15;9991;23;;;10009;15;;;;;10001.0;0.0
0;18000;INTARIAN_PEPPER_ROOT;12001;9;11998;21;;;12018;21;;;;;12009.5;0.0
0;18100;INTARIAN_PEPPER_ROOT;12002;10;;;;;12018;25;;;;;12010.0;0.0
0;18100;ASH_COATED_OSMIUM;9993;11;9991;30;;;10012;30;;;;;10002.5;0.0
0;18200;INTARIAN_PEPPER_ROOT;12002;10;;;;;12015;10;;;;;12008.5;0.0
0;18200;ASH_COATED_OSMIUM;9993;10;;;;;10009;10;10012;28;;;10001.0;0.0
0;18300;ASH_COATED_OSMIUM;9991;28;;;;;10009;11;10012;28;;;10000.0;0.0
0;18300;INTARIAN_PEPPER_ROOT;12002;12;11999;17;;;12015;12;12018;17;;;12008.5;0.0
0;18400;ASH_COATED_OSMIUM;9994;10;9991;22;;;10010;10;10012;22;;;10002.0;0.0
0;18400;INTARIAN_PEPPER_ROOT;12002;11;11999;25;;;12015;11;12018;25;;;12008.5;0.0
0;18500;INTARIAN_PEPPER_ROOT;12002;10;11999;20;;;12015;10;12018;20;;;12008.5;0.0
0;18500;ASH_COATED_OSMIUM;9994;11;9991;25;;;10010;11;;;;;10002.0;0.0
0;18600;INTARIAN_PEPPER_ROOT;12002;11;11999;25;;;12018;25;;;;;12010.0;0.0
0;18600;ASH_COATED_OSMIUM;9994;11;9991;25;;;10010;11;;;;;10002.0;0.0
0;18700;ASH_COATED_OSMIUM;9994;13;9991;20;;;10003;2;10010;13;10012;20;9998.5;0.0
0;18700;INTARIAN_PEPPER_ROOT;12002;9;;;;;12018;21;;;;;12010.0;0.0
0;18800;ASH_COATED_OSMIUM;9994;13;;;;;10010;13;10013;29;;;10002.0;0.0
0;18800;INTARIAN_PEPPER_ROOT;12002;8;;;;;12015;8;;;;;12008.5;0.0
0;18900;INTARIAN_PEPPER_ROOT;11999;23;;;;;12015;10;12018;23;;;12007.0;0.0
0;18900;ASH_COATED_OSMIUM;9994;12;;;;;10003;5;10010;12;10012;30;9998.5;0.0
0;19000;INTARIAN_PEPPER_ROOT;12002;12;11999;18;;;12016;12;12019;18;;;12009.0;0.0
0;19000;ASH_COATED_OSMIUM;9994;10;9991;27;;;10012;27;;;;;10003.0;0.0
0;19100;ASH_COATED_OSMIUM;9994;13;;;;;10010;13;10012;29;;;10002.0;0.0
0;19100;INTARIAN_PEPPER_ROOT;12003;11;12000;21;;;12016;11;12019;21;;;12009.5;0.0
0;19200;ASH_COATED_OSMIUM;9993;10;;;;;10009;10;10012;23;;;10001.0;0.0
0;19200;INTARIAN_PEPPER_ROOT;12003;9;12000;16;;;12016;9;12019;16;;;12009.5;0.0
0;19300;INTARIAN_PEPPER_ROOT;12003;8;;;;;12016;8;12019;23;;;12009.5;0.0
0;19300;ASH_COATED_OSMIUM;9993;15;9991;22;;;10009;15;10012;22;;;10001.0;0.0
0;19400;INTARIAN_PEPPER_ROOT;12003;8;12000;22;;;12016;8;12019;22;;;12009.5;0.0
0;19400;ASH_COATED_OSMIUM;9993;14;9991;24;;;10009;14;10012;24;;;10001.0;0.0
0;19500;ASH_COATED_OSMIUM;9993;11;9990;23;;;10009;11;10011;23;;;10001.0;0.0
0;19500;INTARIAN_PEPPER_ROOT;12000;19;;;;;12016;8;12019;19;;;12008.0;0.0
0;19600;ASH_COATED_OSMIUM;9993;11;9990;26;;;10009;11;10011;26;;;10001.0;0.0
0;19600;INTARIAN_PEPPER_ROOT;12000;23;;;;;12016;9;;;;;12008.0;0.0
0;19700;INTARIAN_PEPPER_ROOT;12003;10;12000;22;;;;;;;;;12003.0;0.0
0;19700;ASH_COATED_OSMIUM;9990;25;;;;;10009;15;10011;25;;;9999.5;0.0
0;19800;INTARIAN_PEPPER_ROOT;12003;10;12000;16;;;12016;10;12019;16;;;12009.5;0.0
0;19800;ASH_COATED_OSMIUM;9993;14;9990;29;;;9998;4;10009;14;10011;29;9995.5;0.0
0;19900;INTARIAN_PEPPER_ROOT;12003;12;12000;15;;;12012;11;12016;12;12019;15;12007.5;0.0
0;19900;ASH_COATED_OSMIUM;9993;10;9991;26;;;10009;10;10012;26;;;10001.0;0.0
0;20000;INTARIAN_PEPPER_ROOT;11999;24;;;;;12016;11;12019;24;;;12007.5;0.0
0;20000;ASH_COATED_OSMIUM;9993;14;9991;21;;;10009;14;10012;21;;;10001.0;0.0
0;20100;INTARIAN_PEPPER_ROOT;12003;11;;;;;12019;15;;;;;12011.0;0.0
0;20100;ASH_COATED_OSMIUM;9993;11;9990;30;;;10009;11;10011;30;;;10001.0;0.0
0;20200;INTARIAN_PEPPER_ROOT;;;;;;;12016;8;12019;15;;;12016.0;0.0
0;20200;ASH_COATED_OSMIUM;9993;14;9990;26;;;10011;26;;;;;10002.0;0.0
0;20300;ASH_COATED_OSMIUM;9990;26;;;;;10009;11;10011;26;;;9999.5;0.0
0;20300;INTARIAN_PEPPER_ROOT;12003;12;12000;22;;;;;;;;;12003.0;0.0
0;20400;ASH_COATED_OSMIUM;9992;11;9990;27;;;10008;11;10011;27;;;10000.0;0.0
0;20400;INTARIAN_PEPPER_ROOT;12003;8;12000;17;;;12016;8;12019;17;;;12009.5;0.0
0;20500;ASH_COATED_OSMIUM;9992;10;9990;28;;;10008;10;10011;28;;;10000.0;0.0
0;20500;INTARIAN_PEPPER_ROOT;12003;12;12000;22;;;12016;12;12019;22;;;12009.5;0.0
0;20600;ASH_COATED_OSMIUM;9992;13;9990;25;;;10008;13;10011;25;;;10000.0;0.0
0;20600;INTARIAN_PEPPER_ROOT;12003;10;12000;16;;;12016;10;12019;16;;;12009.5;0.0
0;20700;ASH_COATED_OSMIUM;9990;20;;;;;10008;15;10011;20;;;9999.0;0.0
0;20700;INTARIAN_PEPPER_ROOT;12003;8;12000;15;;;12016;8;;;;;12009.5;0.0
0;20800;ASH_COATED_OSMIUM;9992;10;;;;;10008;10;10011;23;;;10000.0;0.0
0;20800;INTARIAN_PEPPER_ROOT;12003;9;12000;25;;;12019;25;;;;;12011.0;0.0
0;20900;ASH_COATED_OSMIUM;9992;14;;;;;10008;14;10011;20;;;10000.0;0.0
0;20900;INTARIAN_PEPPER_ROOT;12003;9;12000;22;;;12016;9;12019;22;;;12009.5;0.0
0;21000;INTARIAN_PEPPER_ROOT;12003;10;12000;17;;;12017;10;;;;;12010.0;0.0
0;21000;ASH_COATED_OSMIUM;9993;10;9990;21;;;10009;10;10011;21;;;10001.0;0.0
0;21100;INTARIAN_PEPPER_ROOT;12004;10;12001;18;;;;;;;;;12004.0;0.0
0;21100;ASH_COATED_OSMIUM;9992;11;;;;;10008;11;10011;26;;;10000.0;0.0
0;21200;INTARIAN_PEPPER_ROOT;12004;12;12001;23;;;12017;12;12020;23;;;12010.5;0.0
0;21200;ASH_COATED_OSMIUM;9992;12;9990;25;;;10002;5;10008;12;10011;25;9997.0;0.0
0;21300;INTARIAN_PEPPER_ROOT;12004;10;12001;17;;;12017;10;12020;17;;;12010.5;0.0
0;21300;ASH_COATED_OSMIUM;9993;14;9990;30;;;10009;14;10011;30;;;10001.0;0.0
0;21400;INTARIAN_PEPPER_ROOT;12004;10;12001;23;;;12017;10;;;;;12010.5;0.0
0;21400;ASH_COATED_OSMIUM;;;;;;;10008;12;10011;24;;;10008.0;0.0
0;21500;ASH_COATED_OSMIUM;9998;3;9993;15;9990;29;10011;29;;;;;10004.5;0.0
0;21500;INTARIAN_PEPPER_ROOT;12004;9;12001;20;;;12017;9;;;;;12010.5;0.0
0;21600;INTARIAN_PEPPER_ROOT;12004;8;12001;22;;;12017;8;12020;22;;;12010.5;0.0
0;21600;ASH_COATED_OSMIUM;9993;14;9990;27;;;10009;14;10011;27;;;10001.0;0.0
0;21700;ASH_COATED_OSMIUM;9993;14;9990;27;;;10009;14;10011;27;;;10001.0;0.0
0;21700;INTARIAN_PEPPER_ROOT;12004;8;12001;23;;;12017;8;;;;;12010.5;0.0
0;21800;INTARIAN_PEPPER_ROOT;12004;8;12001;24;;;12020;24;;;;;12012.0;0.0
0;21800;ASH_COATED_OSMIUM;9993;10;9991;23;;;10009;10;10012;23;;;10001.0;0.0
0;21900;ASH_COATED_OSMIUM;9993;13;9991;29;;;10009;13;10012;29;;;10001.0;0.0
0;21900;INTARIAN_PEPPER_ROOT;12004;8;12001;15;;;12020;15;;;;;12012.0;0.0
0;22000;INTARIAN_PEPPER_ROOT;12004;9;12001;17;;;12018;9;;;;;12011.0;0.0
0;22000;ASH_COATED_OSMIUM;;;;;;;10009;15;10012;27;;;10009.0;0.0
0;22100;ASH_COATED_OSMIUM;9993;11;9991;29;;;10009;11;10012;29;;;10001.0;0.0
0;22100;INTARIAN_PEPPER_ROOT;12005;12;12002;21;;;12018;12;;;;;12011.5;0.0
0;22200;INTARIAN_PEPPER_ROOT;12005;12;;;;;12018;12;;;;;12011.5;0.0
0;22200;ASH_COATED_OSMIUM;9991;28;;;;;10010;11;;;;;10000.5;0.0
0;22300;ASH_COATED_OSMIUM;9994;15;9991;28;;;;;;;;;9994.0;0.0
0;22300;INTARIAN_PEPPER_ROOT;;;;;;;12018;12;12021;23;;;12018.0;0.0
0;22400;INTARIAN_PEPPER_ROOT;12005;10;12002;25;;;12018;10;12021;25;;;12011.5;0.0
0;22400;ASH_COATED_OSMIUM;9993;11;;;;;10009;11;;;;;10001.0;0.0
0;22500;ASH_COATED_OSMIUM;9991;27;;;;;;;;;;;9991.0;0.0
0;22500;INTARIAN_PEPPER_ROOT;12005;10;12002;25;;;12018;10;12021;25;;;12011.5;0.0
0;22600;INTARIAN_PEPPER_ROOT;12005;9;12002;17;;;12018;9;12021;17;;;12011.5;0.0
0;22600;ASH_COATED_OSMIUM;9994;11;9992;28;;;10010;11;10013;28;;;10002.0;0.0
0;22700;ASH_COATED_OSMIUM;9999;5;9994;10;9991;30;10010;10;;;;;10004.5;0.0
0;22700;INTARIAN_PEPPER_ROOT;12006;9;12003;19;;;12019;9;12022;19;;;12012.5;0.0
0;22800;INTARIAN_PEPPER_ROOT;12006;11;12003;19;;;12019;11;12022;19;;;12012.5;0.0
0;22800;ASH_COATED_OSMIUM;9991;25;;;;;10009;14;10012;25;;;10000.0;0.0
0;22900;ASH_COATED_OSMIUM;9993;11;;;;;10009;11;10012;26;;;10001.0;0.0
0;22900;INTARIAN_PEPPER_ROOT;12006;10;12003;25;;;12019;10;;;;;12012.5;0.0
0;23000;INTARIAN_PEPPER_ROOT;12006;11;12003;20;;;12020;11;12023;20;;;12013.0;0.0
0;23000;ASH_COATED_OSMIUM;9993;12;;;;;10009;12;;;;;10001.0;0.0
0;23100;ASH_COATED_OSMIUM;9993;13;;;;;10009;13;10012;29;;;10001.0;0.0
0;23100;INTARIAN_PEPPER_ROOT;12007;10;;;;;12009;4;12020;10;12023;23;12008.0;0.0
0;23200;INTARIAN_PEPPER_ROOT;12007;10;12004;22;;;12020;10;12023;22;;;12013.5;0.0
0;23200;ASH_COATED_OSMIUM;9990;27;;;;;10002;2;10009;14;10011;27;9996.0;0.0
0;23300;ASH_COATED_OSMIUM;9992;12;9990;26;;;10008;12;10011;26;;;10000.0;0.0
0;23300;INTARIAN_PEPPER_ROOT;12007;8;12004;23;;;12020;8;12023;23;;;12013.5;0.0
0;23400;INTARIAN_PEPPER_ROOT;;;;;;;12020;10;12023;23;;;12020.0;0.0
0;23400;ASH_COATED_OSMIUM;9990;28;;;;;10009;11;10011;28;;;9999.5;0.0
0;23500;ASH_COATED_OSMIUM;9993;11;;;;;10009;11;10011;28;;;10001.0;0.0
0;23500;INTARIAN_PEPPER_ROOT;;;;;;;12020;9;12023;21;;;12020.0;0.0
0;23600;INTARIAN_PEPPER_ROOT;12007;10;12004;18;;;12020;10;12023;18;;;12013.5;0.0
0;23600;ASH_COATED_OSMIUM;9990;21;;;;;10009;15;10011;21;;;9999.5;0.0
0;23700;ASH_COATED_OSMIUM;9992;11;9990;30;;;10008;11;10011;30;;;10000.0;0.0
0;23700;INTARIAN_PEPPER_ROOT;12007;8;12004;16;;;12020;8;12023;16;;;12013.5;0.0
0;23800;INTARIAN_PEPPER_ROOT;12007;9;12004;18;;;12020;9;12023;18;;;12013.5;0.0
0;23800;ASH_COATED_OSMIUM;9992;14;9990;27;;;10008;14;10011;27;;;10000.0;0.0
0;23900;ASH_COATED_OSMIUM;9990;29;;;;;10009;15;10011;29;;;9999.5;0.0
0;23900;INTARIAN_PEPPER_ROOT;12007;12;12004;19;;;12023;19;;;;;12015.0;0.0
0;24000;INTARIAN_PEPPER_ROOT;12007;9;12004;19;;;12024;19;;;;;12015.5;0.0
0;24000;ASH_COATED_OSMIUM;9993;12;9990;23;;;10009;12;10011;23;;;10001.0;0.0
0;24100;ASH_COATED_OSMIUM;9993;12;9990;23;;;10009;12;10011;23;;;10001.0;0.0
0;24100;INTARIAN_PEPPER_ROOT;12005;22;;;;;12021;10;;;;;12013.0;0.0
0;24200;INTARIAN_PEPPER_ROOT;12008;9;12005;20;;;12021;9;12024;20;;;12014.5;0.0
0;24200;ASH_COATED_OSMIUM;9992;11;9990;30;;;10011;30;;;;;10001.5;0.0
0;24300;INTARIAN_PEPPER_ROOT;12008;12;;;;;12021;12;12024;17;;;12014.5;0.0
0;24300;ASH_COATED_OSMIUM;9993;12;;;;;10011;30;;;;;10002.0;0.0
0;24400;INTARIAN_PEPPER_ROOT;12008;10;;;;;12021;10;12024;22;;;12014.5;0.0
0;24400;ASH_COATED_OSMIUM;9992;14;9990;20;;;9998;9;10008;14;10011;20;9995.0;0.0
0;24500;INTARIAN_PEPPER_ROOT;12008;12;12005;15;;;12021;12;12024;15;;;12014.5;0.0
0;24500;ASH_COATED_OSMIUM;9992;11;9990;24;;;10011;24;;;;;10001.5;0.0
0;24600;INTARIAN_PEPPER_ROOT;12008;8;12005;17;;;12021;8;12024;17;;;12014.5;0.0
0;24600;ASH_COATED_OSMIUM;9992;14;9990;23;;;10008;14;10011;23;;;10000.0;0.0
0;24700;ASH_COATED_OSMIUM;9990;22;;;;;10009;12;10011;22;;;9999.5;0.0
0;24700;INTARIAN_PEPPER_ROOT;12008;12;12005;18;;;12021;12;12024;18;;;12014.5;0.0
0;24800;ASH_COATED_OSMIUM;9993;11;9990;20;;;10009;11;10011;20;;;10001.0;0.0
0;24800;INTARIAN_PEPPER_ROOT;12005;17;;;;;12021;11;12024;17;;;12013.0;0.0
0;24900;ASH_COATED_OSMIUM;9993;11;9990;28;;;10009;11;;;;;10001.0;0.0
0;24900;INTARIAN_PEPPER_ROOT;12008;11;;;;;12021;11;12024;17;;;12014.5;0.0
0;25000;ASH_COATED_OSMIUM;9993;14;9990;25;;;10011;25;;;;;10002.0;0.0
0;25000;INTARIAN_PEPPER_ROOT;12008;11;;;;;12022;11;12025;15;;;12015.0;0.0
0;25100;ASH_COATED_OSMIUM;9993;10;9991;30;;;10009;10;10012;30;;;10001.0;0.0
0;25100;INTARIAN_PEPPER_ROOT;12009;12;12006;19;;;12022;12;12025;19;;;12015.5;0.0
0;25200;ASH_COATED_OSMIUM;;;;;;;10009;10;;;;;10009.0;0.0
0;25200;INTARIAN_PEPPER_ROOT;12009;8;12006;17;;;12025;17;;;;;12017.0;0.0
0;25300;ASH_COATED_OSMIUM;9993;11;9990;28;;;10009;11;10011;28;;;10001.0;0.0
0;25300;INTARIAN_PEPPER_ROOT;12009;10;;;;;12022;10;;;;;12015.5;0.0
0;25400;INTARIAN_PEPPER_ROOT;12009;11;12006;25;;;12022;11;12025;25;;;12015.5;0.0
0;25400;ASH_COATED_OSMIUM;9993;14;9990;28;;;10009;14;10011;28;;;10001.0;0.0
0;25500;INTARIAN_PEPPER_ROOT;12009;10;12006;24;;;12011;6;12022;10;12025;24;12010.0;0.0
0;25500;ASH_COATED_OSMIUM;9993;11;9990;22;;;10011;22;;;;;10002.0;0.0
0;25600;INTARIAN_PEPPER_ROOT;12009;8;12006;22;;;12025;22;;;;;12017.0;0.0
0;25600;ASH_COATED_OSMIUM;9993;14;9990;24;;;;;;;;;9993.0;0.0
0;25700;INTARIAN_PEPPER_ROOT;12009;8;;;;;12022;8;12025;22;;;12015.5;0.0
0;25700;ASH_COATED_OSMIUM;9993;14;9990;21;;;10009;14;;;;;10001.0;0.0
0;25800;ASH_COATED_OSMIUM;9992;15;9990;20;;;10011;20;;;;;10001.5;0.0
0;25800;INTARIAN_PEPPER_ROOT;12006;18;;;;;12022;10;;;;;12014.0;0.0
0;25900;INTARIAN_PEPPER_ROOT;12006;17;;;;;12022;9;;;;;12014.0;0.0
0;25900;ASH_COATED_OSMIUM;9993;12;9990;30;;;10009;12;10011;30;;;10001.0;0.0
0;26000;INTARIAN_PEPPER_ROOT;12007;25;;;;;12024;9;12027;25;;;12015.5;0.0
0;26000;ASH_COATED_OSMIUM;9993;13;;;;;10011;21;;;;;10002.0;0.0
0;26100;ASH_COATED_OSMIUM;9993;10;;;;;10011;28;;;;;10002.0;0.0
0;26100;INTARIAN_PEPPER_ROOT;12011;9;12008;21;;;12024;9;12027;21;;;12017.5;0.0
0;26200;ASH_COATED_OSMIUM;9993;15;9991;30;;;10009;15;;;;;10001.0;0.0
0;26200;INTARIAN_PEPPER_ROOT;12011;10;12008;19;;;;;;;;;12011.0;0.0
0;26300;INTARIAN_PEPPER_ROOT;12011;11;12008;18;;;12027;18;;;;;12019.0;0.0
0;26300;ASH_COATED_OSMIUM;9993;13;;;;;10009;13;10012;22;;;10001.0;0.0
0;26400;INTARIAN_PEPPER_ROOT;12008;15;;;;;12024;12;12027;15;;;12016.0;0.0
0;26400;ASH_COATED_OSMIUM;9991;23;;;;;10010;13;10012;23;;;10000.5;0.0
0;26500;ASH_COATED_OSMIUM;9994;13;9991;27;;;10010;13;10012;27;;;10002.0;0.0
0;26500;INTARIAN_PEPPER_ROOT;12021;6;12011;8;;;12024;8;;;;;12022.5;0.0
0;26600;ASH_COATED_OSMIUM;;;;;;;10010;12;10013;27;;;10010.0;0.0
0;26600;INTARIAN_PEPPER_ROOT;12011;11;12008;15;;;12027;15;;;;;12019.0;0.0
0;26700;INTARIAN_PEPPER_ROOT;12011;10;12008;23;;;12024;10;;;;;12017.5;0.0
0;26700;ASH_COATED_OSMIUM;9994;10;9992;24;;;10010;10;;;;;10002.0;0.0
0;26800;INTARIAN_PEPPER_ROOT;12011;12;12008;15;;;12027;15;;;;;12019.0;0.0
0;26800;ASH_COATED_OSMIUM;9994;15;9991;24;;;9999;8;10010;15;10012;24;9996.5;0.0
0;26900;ASH_COATED_OSMIUM;9993;10;9991;30;;;10009;10;;;;;10001.0;0.0
0;26900;INTARIAN_PEPPER_ROOT;12011;9;12008;18;;;;;;;;;12011.0;0.0
0;27000;ASH_COATED_OSMIUM;9993;11;9990;26;;;10009;11;10011;26;;;10001.0;0.0
0;27000;INTARIAN_PEPPER_ROOT;12011;8;12008;25;;;12028;25;;;;;12019.5;0.0
0;27100;INTARIAN_PEPPER_ROOT;12012;9;12009;19;;;12025;9;12028;19;;;12018.5;0.0
0;27100;ASH_COATED_OSMIUM;9993;10;;;;;;;;;;;9993.0;0.0
0;27200;INTARIAN_PEPPER_ROOT;12012;12;;;;;12025;12;;;;;12018.5;0.0
0;27200;ASH_COATED_OSMIUM;9993;13;9990;22;;;10009;13;10011;22;;;10001.0;0.0
0;27300;ASH_COATED_OSMIUM;9993;10;9990;26;;;10009;10;10011;26;;;10001.0;0.0
0;27300;INTARIAN_PEPPER_ROOT;12012;10;12009;19;;;12028;19;;;;;12020.0;0.0
0;27400;ASH_COATED_OSMIUM;9993;15;9991;27;;;10009;15;10012;27;;;10001.0;0.0
0;27400;INTARIAN_PEPPER_ROOT;12012;12;12009;17;;;12025;12;;;;;12018.5;0.0
0;27500;INTARIAN_PEPPER_ROOT;12012;11;12009;15;;;12025;11;;;;;12018.5;0.0
0;27500;ASH_COATED_OSMIUM;9993;10;9991;26;;;10009;10;10012;26;;;10001.0;0.0
0;27600;INTARIAN_PEPPER_ROOT;12012;10;12009;25;;;12025;10;12028;25;;;12018.5;0.0
0;27600;ASH_COATED_OSMIUM;9993;11;9991;25;;;10009;11;10012;25;;;10001.0;0.0
0;27700;ASH_COATED_OSMIUM;9993;10;;;;;10009;10;10012;22;;;10001.0;0.0
0;27700;INTARIAN_PEPPER_ROOT;12012;8;12009;25;;;12025;8;12028;25;;;12018.5;0.0
0;27800;ASH_COATED_OSMIUM;9992;15;9990;22;;;;;;;;;9992.0;0.0
0;27800;INTARIAN_PEPPER_ROOT;12012;10;12009;17;;;12025;10;12028;17;;;12018.5;0.0
0;27900;INTARIAN_PEPPER_ROOT;12012;9;12009;18;;;12028;18;;;;;12020.0;0.0
0;27900;ASH_COATED_OSMIUM;9992;14;9990;22;;;10008;14;10011;22;;;10000.0;0.0
0;28000;INTARIAN_PEPPER_ROOT;12009;23;;;;;12026;12;12029;23;;;12017.5;0.0
0;28000;ASH_COATED_OSMIUM;10002;4;9990;26;;;10008;15;;;;;10005.0;0.0
0;28100;ASH_COATED_OSMIUM;9992;11;9989;22;;;10008;11;10010;22;;;10000.0;0.0
0;28100;INTARIAN_PEPPER_ROOT;12014;10;12011;20;;;12027;10;12030;20;;;12020.5;0.0
0;28200;ASH_COATED_OSMIUM;9993;11;9990;23;;;10009;11;10011;23;;;10001.0;0.0
0;28200;INTARIAN_PEPPER_ROOT;12014;12;;;;;12027;12;12030;22;;;12020.5;0.0
0;28300;INTARIAN_PEPPER_ROOT;12014;8;12011;25;;;12027;8;12030;25;;;12020.5;0.0
0;28300;ASH_COATED_OSMIUM;9993;13;9990;21;;;10009;13;10011;21;;;10001.0;0.0
0;28400;INTARIAN_PEPPER_ROOT;12011;16;;;;;12027;10;12030;16;;;12019.0;0.0
0;28400;ASH_COATED_OSMIUM;9990;21;;;;;10009;10;;;;;9999.5;0.0
0;28500;ASH_COATED_OSMIUM;;;;;;;10002;5;10009;11;10011;26;10002.0;0.0
0;28500;INTARIAN_PEPPER_ROOT;12014;11;12011;21;;;12027;11;12030;21;;;12020.5;0.0
0;28600;ASH_COATED_OSMIUM;9990;28;;;;;10009;15;10011;28;;;9999.5;0.0
0;28600;INTARIAN_PEPPER_ROOT;12014;10;12011;17;;;12027;10;12030;17;;;12020.5;0.0
0;28700;INTARIAN_PEPPER_ROOT;12018;11;12014;10;12011;19;12027;10;12030;19;;;12022.5;0.0
0;28700;ASH_COATED_OSMIUM;9994;11;9991;27;;;10010;11;10012;27;;;10002.0;0.0
0;28800;INTARIAN_PEPPER_ROOT;12014;11;12011;16;;;12027;11;12030;16;;;12020.5;0.0
0;28800;ASH_COATED_OSMIUM;9993;15;9991;30;;;10009;15;10012;30;;;10001.0;0.0
0;28900;INTARIAN_PEPPER_ROOT;;;;;;;12027;12;12030;23;;;12027.0;0.0
0;28900;ASH_COATED_OSMIUM;9993;14;9991;23;;;10009;14;10012;23;;;10001.0;0.0
0;29000;INTARIAN_PEPPER_ROOT;12014;11;12011;19;;;12028;11;12031;19;;;12021.0;0.0
0;29000;ASH_COATED_OSMIUM;9993;10;9991;25;;;10012;25;;;;;10002.5;0.0
0;29100;INTARIAN_PEPPER_ROOT;12015;9;12012;25;;;12031;25;;;;;12023.0;0.0
0;29100;ASH_COATED_OSMIUM;;;;;;;10009;11;10011;30;;;10009.0;0.0
0;29200;ASH_COATED_OSMIUM;9993;14;9990;20;;;10009;14;10011;20;;;10001.0;0.0
0;29200;INTARIAN_PEPPER_ROOT;;;;;;;12028;10;12031;24;;;12028.0;0.0
0;29300;ASH_COATED_OSMIUM;9993;11;9990;21;;;10009;11;10011;21;;;10001.0;0.0
0;29300;INTARIAN_PEPPER_ROOT;12015;10;12012;21;;;12028;10;12031;21;;;12021.5;0.0
0;29400;ASH_COATED_OSMIUM;9993;15;9990;24;;;10009;15;10011;24;;;10001.0;0.0
0;29400;INTARIAN_PEPPER_ROOT;12015;12;12012;21;;;12028;12;12031;21;;;12021.5;0.0
0;29500;ASH_COATED_OSMIUM;9993;14;9990;23;;;10009;14;10011;23;;;10001.0;0.0
0;29500;INTARIAN_PEPPER_ROOT;;;;;;;12028;11;12031;15;;;12028.0;0.0
0;29600;ASH_COATED_OSMIUM;9993;10;;;;;10011;27;;;;;10002.0;0.0
0;29600;INTARIAN_PEPPER_ROOT;12015;8;12012;18;;;12028;8;12031;18;;;12021.5;0.0
0;29700;ASH_COATED_OSMIUM;9992;12;9990;29;;;10008;12;10011;29;;;10000.0;0.0
0;29700;INTARIAN_PEPPER_ROOT;12015;10;12012;19;;;12028;10;12031;19;;;12021.5;0.0
0;29800;ASH_COATED_OSMIUM;;;;;;;10009;15;10011;23;;;10009.0;0.0
0;29800;INTARIAN_PEPPER_ROOT;12015;10;12012;25;;;12028;10;12031;25;;;12021.5;0.0
0;29900;INTARIAN_PEPPER_ROOT;12015;11;12012;20;;;12028;11;12031;20;;;12021.5;0.0
0;29900;ASH_COATED_OSMIUM;9993;12;9990;25;;;10009;12;10011;25;;;10001.0;0.0
0;30000;INTARIAN_PEPPER_ROOT;12015;11;;;;;12024;11;12029;11;;;12019.5;0.0
0;30000;ASH_COATED_OSMIUM;9990;26;;;;;10009;13;10011;26;;;9999.5;0.0
0;30100;INTARIAN_PEPPER_ROOT;12017;12;12014;20;;;12030;12;12033;20;;;12023.5;0.0
0;30100;ASH_COATED_OSMIUM;9993;13;9991;28;;;10009;13;10012;28;;;10001.0;0.0
0;30200;INTARIAN_PEPPER_ROOT;12017;12;12014;20;;;12030;12;12033;20;;;12023.5;0.0
0;30200;ASH_COATED_OSMIUM;9993;13;;;;;10009;13;10012;24;;;10001.0;0.0
0;30300;ASH_COATED_OSMIUM;9993;13;9991;23;;;10012;23;;;;;10002.5;0.0
0;30300;INTARIAN_PEPPER_ROOT;12017;11;12014;25;;;12030;11;;;;;12023.5;0.0
0;30400;INTARIAN_PEPPER_ROOT;12017;11;;;;;12030;11;12033;25;;;12023.5;0.0
0;30400;ASH_COATED_OSMIUM;;;;;;;10009;15;10011;24;;;10009.0;0.0
0;30500;ASH_COATED_OSMIUM;9990;20;;;;;10009;12;10011;20;;;9999.5;0.0
0;30500;INTARIAN_PEPPER_ROOT;12017;10;12014;18;;;12030;10;12033;18;;;12023.5;0.0
0;30600;INTARIAN_PEPPER_ROOT;12017;8;;;;;12030;8;12033;17;;;12023.5;0.0
0;30600;ASH_COATED_OSMIUM;9993;13;;;;;10009;13;10011;25;;;10001.0;0.0
0;30700;ASH_COATED_OSMIUM;9993;15;9990;24;;;10011;24;;;;;10002.0;0.0
0;30700;INTARIAN_PEPPER_ROOT;12017;10;12014;19;;;12030;10;12033;19;;;12023.5;0.0
0;30800;INTARIAN_PEPPER_ROOT;12017;8;12014;21;;;12030;8;12033;21;;;12023.5;0.0
0;30800;ASH_COATED_OSMIUM;9993;13;9990;29;;;10009;13;;;;;10001.0;0.0
0;30900;ASH_COATED_OSMIUM;9993;14;9990;24;;;10009;14;10011;24;;;10001.0;0.0
0;30900;INTARIAN_PEPPER_ROOT;12014;22;;;;;12030;11;12033;22;;;12022.0;0.0
0;31000;INTARIAN_PEPPER_ROOT;12017;8;12014;23;;;12031;8;12034;23;;;12024.0;0.0
0;31000;ASH_COATED_OSMIUM;9993;14;9990;30;;;10009;14;10011;30;;;10001.0;0.0
0;31100;ASH_COATED_OSMIUM;9992;13;9990;26;;;10008;13;10011;26;;;10000.0;0.0
0;31100;INTARIAN_PEPPER_ROOT;12018;11;12015;17;;;12031;11;12034;17;;;12024.5;0.0
0;31200;INTARIAN_PEPPER_ROOT;12015;25;;;;;12031;12;12034;25;;;12023.0;0.0
0;31200;ASH_COATED_OSMIUM;9990;26;;;;;10009;15;10011;26;;;9999.5;0.0
0;31300;ASH_COATED_OSMIUM;9993;15;;;;;10009;15;10011;26;;;10001.0;0.0
0;31300;INTARIAN_PEPPER_ROOT;12018;11;12015;23;;;12031;11;;;;;12024.5;0.0
0;31400;INTARIAN_PEPPER_ROOT;;;;;;;12031;12;12034;22;;;12031.0;0.0
0;31400;ASH_COATED_OSMIUM;9993;12;9990;23;;;10009;12;10011;23;;;10001.0;0.0
0;31500;ASH_COATED_OSMIUM;9993;12;9990;26;;;10009;12;10011;26;;;10001.0;0.0
0;31500;INTARIAN_PEPPER_ROOT;12018;9;12015;15;;;12031;9;12034;15;;;12024.5;0.0
0;31600;INTARIAN_PEPPER_ROOT;12018;12;12015;21;;;12031;12;12034;21;;;12024.5;0.0
0;31600;ASH_COATED_OSMIUM;9993;12;9990;20;;;10009;12;;;;;10001.0;0.0
0;31700;ASH_COATED_OSMIUM;9993;14;9990;20;;;10009;14;10011;20;;;10001.0;0.0
0;31700;INTARIAN_PEPPER_ROOT;12015;21;;;;;12031;11;12034;21;;;12023.0;0.0
0;31800;INTARIAN_PEPPER_ROOT;12018;10;12015;21;;;12034;21;;;;;12026.0;0.0
0;31800;ASH_COATED_OSMIUM;9993;10;9990;29;;;10009;10;10011;29;;;10001.0;0.0
0;31900;ASH_COATED_OSMIUM;9990;27;;;;;10009;10;;;;;9999.5;0.0
0;31900;INTARIAN_PEPPER_ROOT;12018;10;12015;18;;;12031;10;12034;18;;;12024.5;0.0
0;32000;INTARIAN_PEPPER_ROOT;12015;22;;;;;12032;8;;;;;12023.5;0.0
0;32000;ASH_COATED_OSMIUM;9990;27;;;;;10009;11;;;;;9999.5;0.0
0;32100;ASH_COATED_OSMIUM;9993;13;9991;20;;;10009;13;10012;20;;;10001.0;0.0
0;32100;INTARIAN_PEPPER_ROOT;12019;8;12016;23;;;12032;8;;;;;12025.5;0.0
0;32200;INTARIAN_PEPPER_ROOT;12019;10;;;;;12032;10;12035;21;;;12025.5;0.0
0;32200;ASH_COATED_OSMIUM;9994;12;9991;20;;;10010;12;10012;20;;;10002.0;0.0
0;32300;ASH_COATED_OSMIUM;9991;27;;;;;10012;27;;;;;10001.5;0.0
0;32300;INTARIAN_PEPPER_ROOT;12020;12;;;;;12033;12;;;;;12026.5;0.0
0;32400;INTARIAN_PEPPER_ROOT;12020;8;;;;;12033;8;12036;22;;;12026.5;0.0
0;32400;ASH_COATED_OSMIUM;9991;28;;;;;10012;28;;;;;10001.5;0.0
0;32500;ASH_COATED_OSMIUM;9993;15;9990;29;;;10009;15;10011;29;;;10001.0;0.0
0;32500;INTARIAN_PEPPER_ROOT;12030;4;12017;19;;;12033;9;12036;19;;;12031.5;0.0
0;32600;INTARIAN_PEPPER_ROOT;12020;8;12017;19;;;12033;8;12036;19;;;12026.5;0.0
0;32600;ASH_COATED_OSMIUM;9993;14;9990;23;;;;;;;;;9993.0;0.0
0;32700;ASH_COATED_OSMIUM;9992;11;;;;;10008;11;10011;21;;;10000.0;0.0
0;32700;INTARIAN_PEPPER_ROOT;12017;25;;;;;12033;9;12036;25;;;12025.0;0.0
0;32800;INTARIAN_PEPPER_ROOT;12020;11;12017;24;;;12033;11;;;;;12026.5;0.0
0;32800;ASH_COATED_OSMIUM;9992;12;9990;24;;;9998;9;10008;12;10011;24;9995.0;0.0
0;32900;ASH_COATED_OSMIUM;9992;10;9990;28;;;10008;10;;;;;10000.0;0.0
0;32900;INTARIAN_PEPPER_ROOT;12020;10;12017;16;;;12033;10;12036;16;;;12026.5;0.0
0;33000;INTARIAN_PEPPER_ROOT;12020;9;;;;;12034;9;12037;21;;;12027.0;0.0
0;33000;ASH_COATED_OSMIUM;;;;;;;10011;22;;;;;10011.0;0.0
0;33100;ASH_COATED_OSMIUM;9992;10;9990;21;;;10008;10;10011;21;;;10000.0;0.0
0;33100;INTARIAN_PEPPER_ROOT;12021;11;12018;25;;;12037;25;;;;;12029.0;0.0
0;33200;INTARIAN_PEPPER_ROOT;12021;9;12018;17;;;12034;9;;;;;12027.5;0.0
0;33200;ASH_COATED_OSMIUM;9992;12;;;;;10008;12;10011;27;;;10000.0;0.0
0;33300;INTARIAN_PEPPER_ROOT;12030;7;12021;8;12018;20;12034;8;;;;;12032.0;0.0
0;33300;ASH_COATED_OSMIUM;;;;;;;10008;13;10011;25;;;10008.0;0.0
0;33400;INTARIAN_PEPPER_ROOT;12021;9;12018;23;;;12034;9;12037;23;;;12027.5;0.0
0;33400;ASH_COATED_OSMIUM;9993;13;;;;;10009;13;10011;20;;;10001.0;0.0
0;33500;INTARIAN_PEPPER_ROOT;12018;18;;;;;12034;8;;;;;12026.0;0.0
0;33500;ASH_COATED_OSMIUM;9993;14;9990;25;;;10011;25;;;;;10002.0;0.0
0;33600;ASH_COATED_OSMIUM;9993;10;9991;26;;;;;;;;;9993.0;0.0
0;33600;INTARIAN_PEPPER_ROOT;12021;11;;;;;12030;12;12034;11;12037;22;12025.5;0.0
0;33700;ASH_COATED_OSMIUM;9991;27;;;;;10009;13;10012;27;;;10000.0;0.0
0;33700;INTARIAN_PEPPER_ROOT;12021;10;12018;19;;;12034;10;12037;19;;;12027.5;0.0
0;33800;ASH_COATED_OSMIUM;9991;24;;;;;10010;12;10012;24;;;10000.5;0.0
0;33800;INTARIAN_PEPPER_ROOT;12021;9;12018;22;;;12034;9;12037;22;;;12027.5;0.0
0;33900;ASH_COATED_OSMIUM;9992;20;;;;;10010;10;10013;20;;;10001.0;0.0
0;33900;INTARIAN_PEPPER_ROOT;12021;10;;;;;12034;10;12037;15;;;12027.5;0.0
0;34000;ASH_COATED_OSMIUM;9994;11;9991;25;;;10010;11;;;;;10002.0;0.0
0;34000;INTARIAN_PEPPER_ROOT;12021;8;;;;;12035;8;12038;20;;;12028.0;0.0
0;34100;ASH_COATED_OSMIUM;9994;13;9991;29;;;10012;29;;;;;10003.0;0.0
0;34100;INTARIAN_PEPPER_ROOT;12022;11;12019;25;;;12035;11;;;;;12028.5;0.0
0;34200;ASH_COATED_OSMIUM;9993;14;;;;;10009;14;10011;21;;;10001.0;0.0
0;34200;INTARIAN_PEPPER_ROOT;12022;12;12019;16;;;12035;12;12038;16;;;12028.5;0.0
0;34300;INTARIAN_PEPPER_ROOT;12019;23;;;;;12038;23;;;;;12028.5;0.0
0;34300;ASH_COATED_OSMIUM;9993;10;9990;30;;;10009;10;10011;30;;;10001.0;0.0
0;34400;INTARIAN_PEPPER_ROOT;12022;8;12019;15;;;12035;8;;;;;12028.5;0.0
0;34400;ASH_COATED_OSMIUM;9993;15;9990;25;;;10009;15;;;;;10001.0;0.0
0;34500;INTARIAN_PEPPER_ROOT;;;;;;;12035;8;12038;19;;;12035.0;0.0
0;34500;ASH_COATED_OSMIUM;9993;15;9991;21;;;;;;;;;9993.0;0.0
0;34600;INTARIAN_PEPPER_ROOT;;;;;;;12035;12;;;;;12035.0;0.0
0;34600;ASH_COATED_OSMIUM;9993;10;9991;20;;;10009;10;;;;;10001.0;0.0
0;34700;ASH_COATED_OSMIUM;9993;15;;;;;10009;15;10011;29;;;10001.0;0.0
0;34700;INTARIAN_PEPPER_ROOT;12022;9;12019;16;;;12035;9;12038;16;;;12028.5;0.0
0;34800;ASH_COATED_OSMIUM;9993;15;9991;27;;;10009;15;;;;;10001.0;0.0
0;34800;INTARIAN_PEPPER_ROOT;12019;18;;;;;12035;8;12038;18;;;12027.0;0.0
0;34900;INTARIAN_PEPPER_ROOT;12022;9;12019;19;;;12035;9;12038;19;;;12028.5;0.0
0;34900;ASH_COATED_OSMIUM;9993;12;9991;26;;;10009;12;10012;26;;;10001.0;0.0
0;35000;INTARIAN_PEPPER_ROOT;;;;;;;;;;;;;-6.0;0.0
0;35000;ASH_COATED_OSMIUM;9993;13;9990;24;;;10009;13;10011;24;;;10001.0;0.0
0;35100;ASH_COATED_OSMIUM;9991;20;;;;;10009;11;10012;20;;;10000.0;0.0
0;35100;INTARIAN_PEPPER_ROOT;12023;9;12020;25;;;12036;9;12039;25;;;12029.5;0.0
0;35200;ASH_COATED_OSMIUM;9993;14;9991;20;;;10009;14;10012;20;;;10001.0;0.0
0;35200;INTARIAN_PEPPER_ROOT;12020;15;;;;;12036;12;;;;;12028.0;0.0
0;35300;INTARIAN_PEPPER_ROOT;12020;25;;;;;12036;8;12039;25;;;12028.0;0.0
0;35300;ASH_COATED_OSMIUM;9991;30;;;;;10009;15;10012;30;;;10000.0;0.0
0;35400;INTARIAN_PEPPER_ROOT;12020;20;;;;;12039;20;;;;;12029.5;0.0
0;35400;ASH_COATED_OSMIUM;9991;25;;;;;10010;12;10012;25;;;10000.5;0.0
0;35500;ASH_COATED_OSMIUM;9993;13;9991;20;;;10009;13;10012;20;;;10001.0;0.0
0;35500;INTARIAN_PEPPER_ROOT;;;;;;;12036;8;12039;21;;;12036.0;0.0
0;35600;ASH_COATED_OSMIUM;9993;13;9991;20;;;10009;13;10012;20;;;10001.0;0.0
0;35600;INTARIAN_PEPPER_ROOT;12023;8;12020;18;;;12036;8;12039;18;;;12029.5;0.0
0;35700;INTARIAN_PEPPER_ROOT;12033;3;12023;9;12020;20;12039;20;;;;;12036.0;0.0
0;35700;ASH_COATED_OSMIUM;9993;11;;;;;10009;11;10012;22;;;10001.0;0.0
0;35800;INTARIAN_PEPPER_ROOT;;;;;;;12026;7;12036;9;12039;19;12026.0;0.0
0;35800;ASH_COATED_OSMIUM;9993;10;9991;26;;;10009;10;;;;;10001.0;0.0
0;35900;ASH_COATED_OSMIUM;9993;11;9991;20;;;10009;11;10012;20;;;10001.0;0.0
0;35900;INTARIAN_PEPPER_ROOT;12023;11;12020;20;;;12039;20;;;;;12031.0;0.0
0;36000;ASH_COATED_OSMIUM;9993;14;9991;24;;;10009;14;10012;24;;;10001.0;0.0
0;36000;INTARIAN_PEPPER_ROOT;12023;9;;;;;12037;9;12040;15;;;12030.0;0.0
0;36100;INTARIAN_PEPPER_ROOT;12033;4;12024;11;12021;22;12037;11;12040;22;;;12035.0;0.0
0;36100;ASH_COATED_OSMIUM;9991;27;;;;;10009;15;10012;27;;;10000.0;0.0
0;36200;INTARIAN_PEPPER_ROOT;12024;10;12021;17;;;12037;10;12040;17;;;12030.5;0.0
0;36200;ASH_COATED_OSMIUM;9993;15;9991;29;;;10009;15;;;;;10001.0;0.0
0;36300;ASH_COATED_OSMIUM;;;;;;;10011;20;;;;;10011.0;0.0
0;36300;INTARIAN_PEPPER_ROOT;12024;10;12021;16;;;;;;;;;12024.0;0.0
0;36400;ASH_COATED_OSMIUM;;;;;;;10008;12;10011;25;;;10008.0;0.0
0;36400;INTARIAN_PEPPER_ROOT;12024;9;;;;;12037;9;12040;24;;;12030.5;0.0
0;36500;INTARIAN_PEPPER_ROOT;12024;8;12021;17;;;12037;8;;;;;12030.5;0.0
0;36500;ASH_COATED_OSMIUM;9992;15;9989;21;;;10010;21;;;;;10001.0;0.0
0;36600;INTARIAN_PEPPER_ROOT;12025;10;12022;19;;;12038;10;12041;19;;;12031.5;0.0
0;36600;ASH_COATED_OSMIUM;9992;15;9989;23;;;10008;15;10010;23;;;10000.0;0.0
0;36700;ASH_COATED_OSMIUM;9992;12;9989;27;;;10008;12;;;;;10000.0;0.0
0;36700;INTARIAN_PEPPER_ROOT;12025;11;12022;20;;;12038;11;12041;20;;;12031.5;0.0
0;36800;ASH_COATED_OSMIUM;9992;12;;;;;10008;12;10010;21;;;10000.0;0.0
0;36800;INTARIAN_PEPPER_ROOT;12025;11;12022;15;;;12038;11;;;;;12031.5;0.0
0;36900;INTARIAN_PEPPER_ROOT;12024;10;;;;;12037;10;12040;17;;;12030.5;0.0
0;36900;ASH_COATED_OSMIUM;9992;11;;;;;10008;11;10010;23;;;10000.0;0.0
0;37000;INTARIAN_PEPPER_ROOT;12024;9;;;;;12038;9;12041;22;;;12031.0;0.0
0;37000;ASH_COATED_OSMIUM;9992;11;9990;28;;;10008;11;10011;28;;;10000.0;0.0
0;37100;ASH_COATED_OSMIUM;9992;14;9990;23;;;10008;14;10011;23;;;10000.0;0.0
0;37100;INTARIAN_PEPPER_ROOT;12022;25;;;;;12041;25;;;;;12031.5;0.0
0;37200;ASH_COATED_OSMIUM;9989;24;;;;;10008;15;10010;24;;;9998.5;0.0
0;37200;INTARIAN_PEPPER_ROOT;12025;10;;;;;12038;10;;;;;12031.5;0.0
0;37300;INTARIAN_PEPPER_ROOT;12025;11;12022;23;;;12041;23;;;;;12033.0;0.0
0;37300;ASH_COATED_OSMIUM;9992;11;9989;29;;;10008;11;;;;;10000.0;0.0
0;37400;INTARIAN_PEPPER_ROOT;12025;11;12022;20;;;12038;11;12041;20;;;12031.5;0.0
0;37400;ASH_COATED_OSMIUM;9990;20;;;;;10008;14;;;;;9999.0;0.0
0;37500;ASH_COATED_OSMIUM;9992;15;9990;22;;;10008;15;10011;22;;;10000.0;0.0
0;37500;INTARIAN_PEPPER_ROOT;12025;9;12022;24;;;12038;9;;;;;12031.5;0.0
0;37600;ASH_COATED_OSMIUM;9990;24;;;;;10008;12;10011;24;;;9999.0;0.0
0;37600;INTARIAN_PEPPER_ROOT;12022;22;;;;;12038;10;;;;;12030.0;0.0
0;37700;INTARIAN_PEPPER_ROOT;12025;12;12022;17;;;12041;17;;;;;12033.0;0.0
0;37700;ASH_COATED_OSMIUM;9993;12;9990;21;;;10009;12;10011;21;;;10001.0;0.0
0;37800;INTARIAN_PEPPER_ROOT;12025;8;12022;23;;;12038;8;12041;23;;;12031.5;0.0
0;37800;ASH_COATED_OSMIUM;10003;8;9993;11;9991;25;10009;11;10012;25;;;10006.0;0.0
0;37900;INTARIAN_PEPPER_ROOT;12025;9;12022;25;;;12038;9;;;;;12031.5;0.0
0;37900;ASH_COATED_OSMIUM;9990;27;;;;;10008;11;10011;27;;;9999.0;0.0
0;38000;INTARIAN_PEPPER_ROOT;12025;11;12022;23;;;12039;11;12042;23;;;12032.0;0.0
0;38000;ASH_COATED_OSMIUM;9993;13;9990;24;;;10009;13;10011;24;;;10001.0;0.0
0;38100;ASH_COATED_OSMIUM;9993;14;9990;27;;;10009;14;10011;27;;;10001.0;0.0
0;38100;INTARIAN_PEPPER_ROOT;12026;12;12023;23;;;12034;9;12039;12;;;12030.0;0.0
0;38200;ASH_COATED_OSMIUM;9993;14;9990;29;;;10009;14;;;;;10001.0;0.0
0;38200;INTARIAN_PEPPER_ROOT;12026;8;;;;;12039;8;;;;;12032.5;0.0
0;38300;ASH_COATED_OSMIUM;9993;14;9990;25;;;;;;;;;9993.0;0.0
0;38300;INTARIAN_PEPPER_ROOT;12026;9;12023;21;;;12039;9;12042;21;;;12032.5;0.0
0;38400;ASH_COATED_OSMIUM;9990;25;;;;;10009;11;;;;;9999.5;0.0
0;38400;INTARIAN_PEPPER_ROOT;12026;11;12023;23;;;12028;8;12039;11;12042;23;12027.0;0.0
0;38500;ASH_COATED_OSMIUM;9993;13;9991;22;;;10009;13;;;;;10001.0;0.0
0;38500;INTARIAN_PEPPER_ROOT;12026;9;12023;15;;;12039;9;12042;15;;;12032.5;0.0
0;38600;ASH_COATED_OSMIUM;9990;29;;;;;10009;10;;;;;9999.5;0.0
0;38600;INTARIAN_PEPPER_ROOT;12026;8;12023;23;;;12039;8;12042;23;;;12032.5;0.0
0;38700;ASH_COATED_OSMIUM;9992;10;9990;26;;;10008;10;10011;26;;;10000.0;0.0
0;38700;INTARIAN_PEPPER_ROOT;12023;16;;;;;12039;12;12042;16;;;12031.0;0.0
0;38800;INTARIAN_PEPPER_ROOT;12023;18;;;;;12039;9;12042;18;;;12031.0;0.0
0;38800;ASH_COATED_OSMIUM;9990;21;;;;;10011;21;;;;;10000.5;0.0
0;38900;INTARIAN_PEPPER_ROOT;12026;10;12023;16;;;;;;;;;12026.0;0.0
0;38900;ASH_COATED_OSMIUM;9990;21;;;;;10011;21;;;;;10000.5;0.0
0;39000;INTARIAN_PEPPER_ROOT;12026;8;;;;;;;;;;;12026.0;0.0
0;39000;ASH_COATED_OSMIUM;9992;11;9990;29;;;10011;29;;;;;10001.5;0.0
0;39100;INTARIAN_PEPPER_ROOT;12027;11;12024;25;;;12040;11;12043;25;;;12033.5;0.0
0;39100;ASH_COATED_OSMIUM;;;;;;;10009;10;10011;21;;;10009.0;0.0
0;39200;INTARIAN_PEPPER_ROOT;12027;12;12024;23;;;12040;12;12043;23;;;12033.5;0.0
0;39200;ASH_COATED_OSMIUM;9993;13;9990;21;;;10011;21;;;;;10002.0;0.0
0;39300;ASH_COATED_OSMIUM;9993;12;9990;21;;;10009;12;10011;21;;;10001.0;0.0
0;39300;INTARIAN_PEPPER_ROOT;12027;9;12024;21;;;12040;9;12043;21;;;12033.5;0.0
0;39400;INTARIAN_PEPPER_ROOT;12027;8;12024;25;;;;;;;;;12027.0;0.0
0;39400;ASH_COATED_OSMIUM;9993;14;9990;25;;;10009;14;;;;;10001.0;0.0
0;39500;ASH_COATED_OSMIUM;;;;;;;10009;13;10012;23;;;10009.0;0.0
0;39500;INTARIAN_PEPPER_ROOT;12027;10;12024;24;;;12040;10;;;;;12033.5;0.0
0;39600;INTARIAN_PEPPER_ROOT;12027;8;12024;24;;;12040;8;12043;24;;;12033.5;0.0
0;39600;ASH_COATED_OSMIUM;9993;14;;;;;10009;14;10012;28;;;10001.0;0.0
0;39700;ASH_COATED_OSMIUM;9991;20;;;;;10009;14;10012;20;;;10000.0;0.0
0;39700;INTARIAN_PEPPER_ROOT;12027;8;12024;16;;;12040;8;12043;16;;;12033.5;0.0
0;39800;INTARIAN_PEPPER_ROOT;12027;11;12024;21;;;12040;11;12043;21;;;12033.5;0.0
0;39800;ASH_COATED_OSMIUM;9994;10;;;;;10012;26;;;;;10003.0;0.0
0;39900;ASH_COATED_OSMIUM;9994;10;9991;24;;;10010;10;10012;24;;;10002.0;0.0
0;39900;INTARIAN_PEPPER_ROOT;12027;11;;;;;12040;11;12043;23;;;12033.5;0.0
0;40000;INTARIAN_PEPPER_ROOT;12027;10;12024;19;;;12041;10;12044;19;;;12034.0;0.0
0;40000;ASH_COATED_OSMIUM;9991;29;;;;;10009;15;10012;29;;;10000.0;0.0
0;40100;ASH_COATED_OSMIUM;9991;30;;;;;10010;14;10012;30;;;10000.5;0.0
0;40100;INTARIAN_PEPPER_ROOT;12025;17;;;;;12041;12;12044;17;;;12033.0;0.0
0;40200;INTARIAN_PEPPER_ROOT;12028;8;12025;19;;;12041;8;12044;19;;;12034.5;0.0
0;40200;ASH_COATED_OSMIUM;9994;13;9991;20;;;10010;13;10012;20;;;10002.0;0.0
0;40300;ASH_COATED_OSMIUM;9994;10;;;;;10010;10;10012;30;;;10002.0;0.0
0;40300;INTARIAN_PEPPER_ROOT;12025;22;;;;;12041;9;;;;;12033.0;0.0
0;40400;INTARIAN_PEPPER_ROOT;12031;8;12025;19;;;12041;8;12044;19;;;12036.0;0.0
0;40400;ASH_COATED_OSMIUM;9993;10;9991;22;;;10009;10;;;;;10001.0;0.0
0;40500;ASH_COATED_OSMIUM;;;;;;;10009;14;10011;20;;;10009.0;0.0
0;40500;INTARIAN_PEPPER_ROOT;12028;9;12025;17;;;;;;;;;12028.0;0.0
0;40600;INTARIAN_PEPPER_ROOT;12028;11;12025;18;;;12041;11;12044;18;;;12034.5;0.0
0;40600;ASH_COATED_OSMIUM;9993;15;9990;27;;;10009;15;10011;27;;;10001.0;0.0
0;40700;ASH_COATED_OSMIUM;9993;10;;;;;10009;10;10011;20;;;10001.0;0.0
0;40700;INTARIAN_PEPPER_ROOT;12027;8;;;;;12040;8;12043;18;;;12033.5;0.0
0;40800;INTARIAN_PEPPER_ROOT;12027;11;12024;25;;;12040;11;12043;25;;;12033.5;0.0
0;40800;ASH_COATED_OSMIUM;9993;12;9990;24;;;10009;12;10011;24;;;10001.0;0.0
0;40900;ASH_COATED_OSMIUM;9990;20;;;;;10011;20;;;;;10000.5;0.0
0;40900;INTARIAN_PEPPER_ROOT;12027;8;;;;;12040;8;12043;17;;;12033.5;0.0
0;41000;INTARIAN_PEPPER_ROOT;12027;11;12024;23;;;12041;11;12044;23;;;12034.0;0.0
0;41000;ASH_COATED_OSMIUM;9993;13;9990;27;;;10009;13;;;;;10001.0;0.0
0;41100;ASH_COATED_OSMIUM;9990;21;;;;;10009;13;10011;21;;;9999.5;0.0
0;41100;INTARIAN_PEPPER_ROOT;12028;9;12025;18;;;12041;9;;;;;12034.5;0.0
0;41200;INTARIAN_PEPPER_ROOT;12028;9;12025;16;;;12044;16;;;;;12036.0;0.0
0;41200;ASH_COATED_OSMIUM;9990;26;;;;;10008;15;10011;26;;;9999.0;0.0
0;41300;ASH_COATED_OSMIUM;;;;;;;;;;;;;0.0;0.0
0;41300;INTARIAN_PEPPER_ROOT;12028;8;;;;;12041;8;12044;25;;;12034.5;0.0
0;41400;INTARIAN_PEPPER_ROOT;12028;9;12025;24;;;12044;24;;;;;12036.0;0.0
0;41400;ASH_COATED_OSMIUM;9993;15;9990;26;;;10009;15;10011;26;;;10001.0;0.0
0;41500;ASH_COATED_OSMIUM;9993;12;9990;20;;;10009;12;;;;;10001.0;0.0
0;41500;INTARIAN_PEPPER_ROOT;;;;;;;12041;10;12044;24;;;12041.0;0.0
0;41600;INTARIAN_PEPPER_ROOT;12028;11;12025;17;;;12041;11;12044;17;;;12034.5;0.0
0;41600;ASH_COATED_OSMIUM;9992;10;9990;29;;;10008;10;10011;29;;;10000.0;0.0
0;41700;ASH_COATED_OSMIUM;9992;12;9990;22;;;10008;12;10011;22;;;10000.0;0.0
0;41700;INTARIAN_PEPPER_ROOT;12038;5;12028;10;12025;23;12044;23;;;;;12041.0;0.0
0;41800;INTARIAN_PEPPER_ROOT;12028;12;;;;;12044;20;;;;;12036.0;0.0
0;41800;ASH_COATED_OSMIUM;10001;5;9992;12;9989;22;10008;12;10010;22;;;10004.5;0.0
0;41900;ASH_COATED_OSMIUM;9993;12;9990;24;;;10009;12;10011;24;;;10001.0;0.0
0;41900;INTARIAN_PEPPER_ROOT;12028;12;;;;;12041;12;12044;20;;;12034.5;0.0
0;42000;INTARIAN_PEPPER_ROOT;12028;8;12025;23;;;12037;10;12042;8;;;12032.5;0.0
0;42000;ASH_COATED_OSMIUM;9993;10;9990;28;;;10009;10;10011;28;;;10001.0;0.0
0;42100;INTARIAN_PEPPER_ROOT;12029;12;12026;16;;;12042;12;12045;16;;;12035.5;0.0
0;42100;ASH_COATED_OSMIUM;9993;12;9990;23;;;10011;23;;;;;10002.0;0.0
0;42200;INTARIAN_PEPPER_ROOT;12026;23;;;;;12042;8;;;;;12034.0;0.0
0;42200;ASH_COATED_OSMIUM;9990;20;;;;;10008;12;10011;20;;;9999.0;0.0
0;42300;INTARIAN_PEPPER_ROOT;;;;;;;12044;15;;;;;12044.0;0.0
0;42300;ASH_COATED_OSMIUM;9993;13;9990;21;;;10009;13;10011;21;;;10001.0;0.0
0;42400;INTARIAN_PEPPER_ROOT;12028;12;;;;;12041;12;12044;25;;;12034.5;0.0
0;42400;ASH_COATED_OSMIUM;9990;29;;;;;10009;12;10011;29;;;9999.5;0.0
0;42500;ASH_COATED_OSMIUM;9999;4;9993;11;9991;28;10012;28;;;;;10005.5;0.0
0;42500;INTARIAN_PEPPER_ROOT;12028;8;12025;25;;;12041;8;12044;25;;;12034.5;0.0
0;42600;ASH_COATED_OSMIUM;9991;27;;;;;10009;15;10012;27;;;10000.0;0.0
0;42600;INTARIAN_PEPPER_ROOT;12028;9;12025;24;;;12041;9;12044;24;;;12034.5;0.0
0;42700;ASH_COATED_OSMIUM;9994;12;9991;25;;;10010;12;;;;;10002.0;0.0
0;42700;INTARIAN_PEPPER_ROOT;12028;9;12025;22;;;12041;9;12044;22;;;12034.5;0.0
0;42800;ASH_COATED_OSMIUM;9994;15;9991;24;;;10012;24;;;;;10003.0;0.0
0;42800;INTARIAN_PEPPER_ROOT;12028;9;12025;21;;;12041;9;12044;21;;;12034.5;0.0
0;42900;ASH_COATED_OSMIUM;9993;11;9991;23;;;10012;23;;;;;10002.5;0.0
0;42900;INTARIAN_PEPPER_ROOT;12028;10;12025;23;;;12044;23;;;;;12036.0;0.0
0;43000;ASH_COATED_OSMIUM;9991;29;;;;;10003;3;10009;12;10012;29;9997.0;0.0
0;43000;INTARIAN_PEPPER_ROOT;12028;10;12025;15;;;12031;8;12042;10;12045;15;12029.5;0.0
0;43100;ASH_COATED_OSMIUM;9993;14;9991;22;;;10009;14;;;;;10001.0;0.0
0;43100;INTARIAN_PEPPER_ROOT;12026;22;;;;;12045;22;;;;;12035.5;0.0
0;43200;INTARIAN_PEPPER_ROOT;12029;11;12026;25;;;12042;11;12045;25;;;12035.5;0.0
0;43200;ASH_COATED_OSMIUM;9993;10;9991;25;;;10012;25;;;;;10002.5;0.0
0;43300;INTARIAN_PEPPER_ROOT;;;;;;;12042;10;;;;;12042.0;0.0
0;43300;ASH_COATED_OSMIUM;9993;12;9990;27;;;10009;12;10011;27;;;10001.0;0.0
0;43400;INTARIAN_PEPPER_ROOT;12029;9;12026;21;;;12042;9;12045;21;;;12035.5;0.0
0;43400;ASH_COATED_OSMIUM;;;;;;;10009;13;10012;27;;;10009.0;0.0
0;43500;INTARIAN_PEPPER_ROOT;12028;11;12025;17;;;12041;11;;;;;12034.5;0.0
0;43500;ASH_COATED_OSMIUM;9993;12;9991;23;;;10009;12;10012;23;;;10001.0;0.0
0;43600;INTARIAN_PEPPER_ROOT;12028;11;12025;17;;;12041;11;12044;17;;;12034.5;0.0
0;43600;ASH_COATED_OSMIUM;9993;14;9990;27;;;10011;27;;;;;10002.0;0.0
0;43700;ASH_COATED_OSMIUM;9993;10;;;;;10011;26;;;;;10002.0;0.0
0;43700;INTARIAN_PEPPER_ROOT;12028;9;12025;22;;;12041;9;12044;22;;;12034.5;0.0
0;43800;ASH_COATED_OSMIUM;9993;11;9990;30;;;10011;30;;;;;10002.0;0.0
0;43800;INTARIAN_PEPPER_ROOT;12025;19;;;;;12041;12;12044;19;;;12033.0;0.0
0;43900;INTARIAN_PEPPER_ROOT;12028;9;12025;19;;;12044;19;;;;;12036.0;0.0
0;43900;ASH_COATED_OSMIUM;9993;13;9991;26;;;10009;13;10012;26;;;10001.0;0.0
0;44000;INTARIAN_PEPPER_ROOT;12028;9;12025;25;;;12042;9;12045;25;;;12035.0;0.0
0;44000;ASH_COATED_OSMIUM;9993;12;9990;22;;;10009;12;10011;22;;;10001.0;0.0
0;44100;ASH_COATED_OSMIUM;9993;11;9990;28;;;10009;11;10011;28;;;10001.0;0.0
0;44100;INTARIAN_PEPPER_ROOT;12029;10;12026;18;;;12042;10;12045;18;;;12035.5;0.0
0;44200;ASH_COATED_OSMIUM;9993;12;9990;22;;;10009;12;10011;22;;;10001.0;0.0
0;44200;INTARIAN_PEPPER_ROOT;12029;9;12026;18;;;12045;18;;;;;12037.0;0.0
0;44300;INTARIAN_PEPPER_ROOT;12029;11;12026;24;;;12042;11;;;;;12035.5;0.0
0;44300;ASH_COATED_OSMIUM;9993;10;9991;25;;;10009;10;;;;;10001.0;0.0
0;44400;INTARIAN_PEPPER_ROOT;;;;;;;12045;21;;;;;12045.0;0.0
0;44400;ASH_COATED_OSMIUM;9993;11;9991;27;;;10009;11;10012;27;;;10001.0;0.0
0;44500;ASH_COATED_OSMIUM;9991;30;;;;;10010;10;10012;30;;;10000.5;0.0
0;44500;INTARIAN_PEPPER_ROOT;12025;24;;;;;12041;8;12044;24;;;12033.0;0.0
0;44600;ASH_COATED_OSMIUM;9993;12;9991;26;;;10009;12;10012;26;;;10001.0;0.0
0;44600;INTARIAN_PEPPER_ROOT;12028;8;12025;23;;;12041;8;12044;23;;;12034.5;0.0
0;44700;INTARIAN_PEPPER_ROOT;12025;22;;;;;12031;8;12041;11;12044;22;12028.0;0.0
0;44700;ASH_COATED_OSMIUM;9993;12;9991;28;;;10009;12;;;;;10001.0;0.0
0;44800;INTARIAN_PEPPER_ROOT;12028;8;;;;;12041;8;;;;;12034.5;0.0
0;44800;ASH_COATED_OSMIUM;9993;14;9991;21;;;10009;14;10012;21;;;10001.0;0.0
0;44900;ASH_COATED_OSMIUM;9990;24;;;;;10009;14;10011;24;;;9999.5;0.0
0;44900;INTARIAN_PEPPER_ROOT;12025;23;;;;;12041;12;;;;;12033.0;0.0
0;45000;ASH_COATED_OSMIUM;;;;;;;10008;15;10011;21;;;10008.0;0.0
0;45000;INTARIAN_PEPPER_ROOT;12028;12;12025;22;;;12045;22;;;;;12036.5;0.0
0;45100;INTARIAN_PEPPER_ROOT;12029;11;;;;;;;;;;;12029.0;0.0
0;45100;ASH_COATED_OSMIUM;9992;13;9990;22;;;10008;13;;;;;10000.0;0.0
0;45200;INTARIAN_PEPPER_ROOT;12029;10;12026;18;;;;;;;;;12029.0;0.0
0;45200;ASH_COATED_OSMIUM;9992;10;9990;29;;;9998;6;10008;10;10011;29;9995.0;0.0
0;45300;ASH_COATED_OSMIUM;9992;11;9990;28;;;10008;11;10011;28;;;10000.0;0.0
0;45300;INTARIAN_PEPPER_ROOT;12028;10;;;;;12041;10;12044;20;;;12034.5;0.0
0;45400;ASH_COATED_OSMIUM;9992;12;;;;;10011;22;;;;;10001.5;0.0
0;45400;INTARIAN_PEPPER_ROOT;;;;;;;12041;12;;;;;12041.0;0.0
0;45500;INTARIAN_PEPPER_ROOT;12025;22;;;;;12044;22;;;;;12034.5;0.0
0;45500;ASH_COATED_OSMIUM;9992;11;9990;28;;;10008;11;10011;28;;;10000.0;0.0
0;45600;INTARIAN_PEPPER_ROOT;12028;9;12025;22;;;12041;9;12044;22;;;12034.5;0.0
0;45600;ASH_COATED_OSMIUM;9989;25;;;;;10008;14;10010;25;;;9998.5;0.0
0;45700;ASH_COATED_OSMIUM;9992;12;;;;;10008;12;10011;28;;;10000.0;0.0
0;45700;INTARIAN_PEPPER_ROOT;12028;8;12025;25;;;12041;8;12044;25;;;12034.5;0.0
0;45800;ASH_COATED_OSMIUM;9991;14;9989;23;;;10007;14;10010;23;;;9999.0;0.0
0;45800;INTARIAN_PEPPER_ROOT;12028;8;12025;17;;;12041;8;;;;;12034.5;0.0
0;45900;INTARIAN_PEPPER_ROOT;12025;16;;;;;12041;8;;;;;12033.0;0.0
0;45900;ASH_COATED_OSMIUM;9992;14;;;;;10008;14;10010;26;;;10000.0;0.0
0;46000;INTARIAN_PEPPER_ROOT;12028;11;12025;20;;;12042;11;12045;20;;;12035.0;0.0
0;46000;ASH_COATED_OSMIUM;9991;11;9989;29;;;10010;29;;;;;10000.5;0.0
0;46100;ASH_COATED_OSMIUM;9989;25;;;;;10007;10;10010;25;;;9998.0;0.0
0;46100;INTARIAN_PEPPER_ROOT;12026;23;;;;;12042;9;12045;23;;;12034.0;0.0
0;46200;ASH_COATED_OSMIUM;9992;10;9989;20;;;10008;10;;;;;10000.0;0.0
0;46200;INTARIAN_PEPPER_ROOT;12028;8;12025;23;;;12041;8;12044;23;;;12034.5;0.0
0;46300;INTARIAN_PEPPER_ROOT;12028;12;12025;23;;;12041;12;;;;;12034.5;0.0
0;46300;ASH_COATED_OSMIUM;9992;11;9989;27;;;10001;2;10008;11;10010;27;9996.5;0.0
0;46400;INTARIAN_PEPPER_ROOT;12028;12;12025;16;;;12044;16;;;;;12036.0;0.0
0;46400;ASH_COATED_OSMIUM;9992;15;;;;;10008;15;10010;23;;;10000.0;0.0
0;46500;ASH_COATED_OSMIUM;10001;9;9992;13;9989;20;10008;13;10010;20;;;10004.5;0.0
0;46500;INTARIAN_PEPPER_ROOT;12028;9;12025;17;;;12041;9;12044;17;;;12034.5;0.0
0;46600;INTARIAN_PEPPER_ROOT;12028;8;12025;22;;;12041;8;;;;;12034.5;0.0
0;46600;ASH_COATED_OSMIUM;9991;11;;;;;10007;11;;;;;9999.0;0.0
0;46700;INTARIAN_PEPPER_ROOT;12028;9;12025;19;;;12041;9;12044;19;;;12034.5;0.0
0;46700;ASH_COATED_OSMIUM;9991;14;9989;27;;;10007;14;10010;27;;;9999.0;0.0
0;46800;INTARIAN_PEPPER_ROOT;12028;11;;;;;12041;11;;;;;12034.5;0.0
0;46800;ASH_COATED_OSMIUM;9991;13;9988;28;;;10007;13;10009;28;;;9999.0;0.0
0;46900;ASH_COATED_OSMIUM;9991;14;9989;24;;;;;;;;;9991.0;0.0
0;46900;INTARIAN_PEPPER_ROOT;12027;9;;;;;12040;9;;;;;12033.5;0.0
0;47000;ASH_COATED_OSMIUM;9991;15;9989;26;;;10001;2;10007;15;;;9996.0;0.0
0;47000;INTARIAN_PEPPER_ROOT;12027;8;12024;19;;;12041;8;12044;19;;;12034.0;0.0
0;47100;ASH_COATED_OSMIUM;9997;3;9992;15;9989;28;10008;15;10010;28;;;10002.5;0.0
0;47100;INTARIAN_PEPPER_ROOT;12028;10;;;;;12044;22;;;;;12036.0;0.0
0;47200;ASH_COATED_OSMIUM;9991;10;9989;23;;;10007;10;10010;23;;;9999.0;0.0
0;47200;INTARIAN_PEPPER_ROOT;12028;9;12025;18;;;12041;9;;;;;12034.5;0.0
0;47300;ASH_COATED_OSMIUM;9996;3;9988;29;;;10007;15;10009;29;;;10001.5;0.0
0;47300;INTARIAN_PEPPER_ROOT;12028;12;12025;16;;;12041;12;12044;16;;;12034.5;0.0
0;47400;ASH_COATED_OSMIUM;9991;11;;;;;10007;11;10009;28;;;9999.0;0.0
0;47400;INTARIAN_PEPPER_ROOT;12025;24;;;;;12041;9;12044;24;;;12033.0;0.0
0;47500;ASH_COATED_OSMIUM;9990;11;9987;21;;;10006;11;10008;21;;;9998.0;0.0
0;47500;INTARIAN_PEPPER_ROOT;12028;10;12025;17;;;12044;17;;;;;12036.0;0.0
0;47600;ASH_COATED_OSMIUM;9990;13;9988;29;;;10006;13;;;;;9998.0;0.0
0;47600;INTARIAN_PEPPER_ROOT;12027;11;12024;17;;;12043;17;;;;;12035.0;0.0
0;47700;INTARIAN_PEPPER_ROOT;12027;8;12024;24;;;12043;24;;;;;12035.0;0.0
0;47700;ASH_COATED_OSMIUM;9990;10;9988;23;;;10006;10;10009;23;;;9998.0;0.0
0;47800;INTARIAN_PEPPER_ROOT;12027;8;12024;18;;;12040;8;;;;;12033.5;0.0
0;47800;ASH_COATED_OSMIUM;9990;15;9988;27;;;10006;15;;;;;9998.0;0.0
0;47900;INTARIAN_PEPPER_ROOT;12027;8;12024;21;;;12040;8;;;;;12033.5;0.0
0;47900;ASH_COATED_OSMIUM;9990;13;9988;24;;;10009;24;;;;;9999.5;0.0
0;48000;INTARIAN_PEPPER_ROOT;12027;8;12024;18;;;12041;8;12044;18;;;12034.0;0.0
0;48000;ASH_COATED_OSMIUM;9990;13;9988;28;;;10006;13;;;;;9998.0;0.0
0;48100;ASH_COATED_OSMIUM;9990;10;9988;21;;;10006;10;10009;21;;;9998.0;0.0
0;48100;INTARIAN_PEPPER_ROOT;12037;7;12028;9;12025;23;12041;9;12044;23;;;12039.0;0.0
0;48200;INTARIAN_PEPPER_ROOT;12028;10;12025;19;;;12041;10;12044;19;;;12034.5;0.0
0;48200;ASH_COATED_OSMIUM;9988;25;;;;;10006;12;10009;25;;;9997.0;0.0
0;48300;ASH_COATED_OSMIUM;9990;11;9988;24;;;10006;11;;;;;9998.0;0.0
0;48300;INTARIAN_PEPPER_ROOT;12027;8;;;;;12040;8;12043;16;;;12033.5;0.0
0;48400;INTARIAN_PEPPER_ROOT;12027;11;12024;20;;;12040;11;;;;;12033.5;0.0
0;48400;ASH_COATED_OSMIUM;9988;23;;;;;10009;23;;;;;9998.5;0.0
0;48500;ASH_COATED_OSMIUM;9990;15;9988;29;;;10006;15;10009;29;;;9998.0;0.0
0;48500;INTARIAN_PEPPER_ROOT;12027;8;12024;16;;;12040;8;12043;16;;;12033.5;0.0
0;48600;INTARIAN_PEPPER_ROOT;12027;10;12024;25;;;12040;10;;;;;12033.5;0.0
0;48600;ASH_COATED_OSMIUM;9990;10;9988;22;;;10006;10;10009;22;;;9998.0;0.0
0;48700;ASH_COATED_OSMIUM;9990;11;9988;27;;;10009;27;;;;;9999.5;0.0
0;48700;INTARIAN_PEPPER_ROOT;12024;17;;;;;12040;12;;;;;12032.0;0.0
0;48800;INTARIAN_PEPPER_ROOT;;;;;;;12040;11;12043;16;;;12040.0;0.0
0;48800;ASH_COATED_OSMIUM;9990;14;;;;;10006;14;10009;21;;;9998.0;0.0
0;48900;ASH_COATED_OSMIUM;9991;11;9988;24;;;10007;11;10009;24;;;9999.0;0.0
0;48900;INTARIAN_PEPPER_ROOT;12026;8;12023;23;;;12039;8;;;;;12032.5;0.0
0;49000;INTARIAN_PEPPER_ROOT;12026;9;12023;17;;;12040;9;;;;;12033.0;0.0
0;49000;ASH_COATED_OSMIUM;9991;13;;;;;10007;13;10009;22;;;9999.0;0.0
0;49100;ASH_COATED_OSMIUM;9991;13;;;;;10007;13;;;;;9999.0;0.0
0;49100;INTARIAN_PEPPER_ROOT;12027;10;12024;21;;;12040;10;12043;21;;;12033.5;0.0
0;49200;INTARIAN_PEPPER_ROOT;12027;8;12024;18;;;12040;8;;;;;12033.5;0.0
0;49200;ASH_COATED_OSMIUM;;;;;;;10009;29;;;;;10009.0;0.0
0;49300;ASH_COATED_OSMIUM;9990;12;9987;30;;;10006;12;10008;30;;;9998.0;0.0
0;49300;INTARIAN_PEPPER_ROOT;12027;12;12024;18;;;12043;18;;;;;12035.0;0.0
0;49400;INTARIAN_PEPPER_ROOT;12024;23;;;;;12040;8;12043;23;;;12032.0;0.0
0;49400;ASH_COATED_OSMIUM;9999;9;9990;15;9987;21;10006;15;10008;21;;;10002.5;0.0
0;49500;ASH_COATED_OSMIUM;9990;10;9987;21;;;10008;21;;;;;9999.0;0.0
0;49500;INTARIAN_PEPPER_ROOT;12026;12;12023;18;;;12039;12;12042;18;;;12032.5;0.0
0;49600;INTARIAN_PEPPER_ROOT;12026;9;12023;17;;;12039;9;12042;17;;;12032.5;0.0
0;49600;ASH_COATED_OSMIUM;9988;21;;;;;10006;10;10009;21;;;9997.0;0.0
0;49700;ASH_COATED_OSMIUM;9990;14;9988;29;;;10006;14;10009;29;;;9998.0;0.0
0;49700;INTARIAN_PEPPER_ROOT;12026;8;12023;19;;;12039;8;12042;19;;;12032.5;0.0
0;49800;INTARIAN_PEPPER_ROOT;12026;9;12023;22;;;12039;9;12042;22;;;12032.5;0.0
0;49800;ASH_COATED_OSMIUM;9991;12;9988;21;;;10007;12;10009;21;;;9999.0;0.0
0;49900;ASH_COATED_OSMIUM;9991;10;9989;27;;;10010;27;;;;;10000.5;0.0
0;49900;INTARIAN_PEPPER_ROOT;12026;8;12023;25;;;;;;;;;12026.0;0.0
0;50000;INTARIAN_PEPPER_ROOT;12026;10;12023;22;;;12040;10;;;;;12033.0;0.0
0;50000;ASH_COATED_OSMIUM;9991;15;9988;21;;;10007;15;10009;21;;;9999.0;0.0
0;50100;ASH_COATED_OSMIUM;9991;10;9988;24;;;10007;10;10009;24;;;9999.0;0.0
0;50100;INTARIAN_PEPPER_ROOT;12026;9;12023;15;;;12042;15;;;;;12034.0;0.0
0;50200;INTARIAN_PEPPER_ROOT;12026;8;;;;;12042;22;;;;;12034.0;0.0
0;50200;ASH_COATED_OSMIUM;9991;10;9988;25;;;10009;25;;;;;10000.0;0.0
0;50300;ASH_COATED_OSMIUM;9990;15;9988;25;;;10009;25;;;;;9999.5;0.0
0;50300;INTARIAN_PEPPER_ROOT;12023;19;;;;;12039;8;12042;19;;;12031.0;0.0
0;50400;INTARIAN_PEPPER_ROOT;12026;9;12023;20;;;12042;20;;;;;12034.0;0.0
0;50400;ASH_COATED_OSMIUM;9991;13;9988;22;;;10007;13;10009;22;;;9999.0;0.0
0;50500;ASH_COATED_OSMIUM;9990;10;9988;20;;;10006;10;10009;20;;;9998.0;0.0
0;50500;INTARIAN_PEPPER_ROOT;12026;9;12023;24;;;12039;9;12042;24;;;12032.5;0.0
0;50600;INTARIAN_PEPPER_ROOT;12023;15;;;;;12042;15;;;;;12032.5;0.0
0;50600;ASH_COATED_OSMIUM;9990;14;9988;23;;;10006;14;10009;23;;;9998.0;0.0
0;50700;ASH_COATED_OSMIUM;9990;11;9988;21;;;10006;11;10009;21;;;9998.0;0.0
0;50700;INTARIAN_PEPPER_ROOT;12025;9;12022;15;;;12038;9;12041;15;;;12031.5;0.0
0;50800;INTARIAN_PEPPER_ROOT;12025;11;12022;15;;;12038;11;12041;15;;;12031.5;0.0
0;50800;ASH_COATED_OSMIUM;9990;15;;;;;10006;15;10009;29;;;9998.0;0.0
0;50900;ASH_COATED_OSMIUM;9990;14;9988;22;;;10009;22;;;;;9999.5;0.0
0;50900;INTARIAN_PEPPER_ROOT;12025;9;12022;19;;;12038;9;12041;19;;;12031.5;0.0
0;51000;INTARIAN_PEPPER_ROOT;12025;11;12022;21;;;12039;11;12042;21;;;12032.0;0.0
0;51000;ASH_COATED_OSMIUM;9987;30;;;;;10006;11;10008;30;;;9996.5;0.0
0;51100;INTARIAN_PEPPER_ROOT;12026;11;12023;17;;;12039;11;12042;17;;;12032.5;0.0
0;51100;ASH_COATED_OSMIUM;9990;11;9988;26;;;10006;11;;;;;9998.0;0.0
0;51200;INTARIAN_PEPPER_ROOT;12023;22;;;;;12039;9;12042;22;;;12031.0;0.0
0;51200;ASH_COATED_OSMIUM;9991;12;9989;30;;;10007;12;10010;30;;;9999.0;0.0
0;51300;INTARIAN_PEPPER_ROOT;12022;15;;;;;12038;8;12041;15;;;12030.0;0.0
0;51300;ASH_COATED_OSMIUM;9991;14;9989;28;;;10007;14;10010;28;;;9999.0;0.0
0;51400;ASH_COATED_OSMIUM;9997;4;9991;11;9989;26;10007;11;10010;26;;;10002.0;0.0
0;51400;INTARIAN_PEPPER_ROOT;12025;12;12022;22;;;;;;;;;12025.0;0.0
0;51500;ASH_COATED_OSMIUM;9991;15;;;;;10009;20;;;;;10000.0;0.0
0;51500;INTARIAN_PEPPER_ROOT;12025;9;;;;;12038;9;12041;20;;;12031.5;0.0
0;51600;ASH_COATED_OSMIUM;9991;11;9988;23;;;10007;11;10009;23;;;9999.0;0.0
0;51600;INTARIAN_PEPPER_ROOT;12025;8;12022;19;;;12038;8;12041;19;;;12031.5;0.0
0;51700;ASH_COATED_OSMIUM;9990;13;9988;26;;;10006;13;10009;26;;;9998.0;0.0
0;51700;INTARIAN_PEPPER_ROOT;12025;12;12022;19;;;12041;19;;;;;12033.0;0.0
0;51800;ASH_COATED_OSMIUM;9991;14;9988;30;;;10009;30;;;;;10000.0;0.0
0;51800;INTARIAN_PEPPER_ROOT;12024;11;12021;18;;;12037;11;12040;18;;;12030.5;0.0
0;51900;ASH_COATED_OSMIUM;9988;30;;;;;10007;15;10009;30;;;9997.5;0.0
0;51900;INTARIAN_PEPPER_ROOT;12021;16;;;;;12037;9;12040;16;;;12029.0;0.0
0;52000;ASH_COATED_OSMIUM;9991;10;9988;30;;;10007;10;;;;;9999.0;0.0
0;52000;INTARIAN_PEPPER_ROOT;;;;;;;12038;9;12041;15;;;12038.0;0.0
0;52100;INTARIAN_PEPPER_ROOT;12025;12;12022;18;;;12038;12;;;;;12031.5;0.0
0;52100;ASH_COATED_OSMIUM;9992;15;9989;24;;;10008;15;;;;;10000.0;0.0
0;52200;INTARIAN_PEPPER_ROOT;12025;10;12022;20;;;12038;10;12041;20;;;12031.5;0.0
0;52200;ASH_COATED_OSMIUM;9991;13;9989;20;;;10007;13;;;;;9999.0;0.0
0;52300;INTARIAN_PEPPER_ROOT;12025;10;12022;25;;;12041;25;;;;;12033.0;0.0
0;52300;ASH_COATED_OSMIUM;9989;23;;;;;10007;10;10010;23;;;9998.0;0.0
0;52400;INTARIAN_PEPPER_ROOT;12024;12;12021;20;;;12037;12;;;;;12030.5;0.0
0;52400;ASH_COATED_OSMIUM;;;;;;;10006;12;10009;26;;;10006.0;0.0
0;52500;INTARIAN_PEPPER_ROOT;12024;11;12021;15;;;12037;11;12040;15;;;12030.5;0.0
0;52500;ASH_COATED_OSMIUM;9990;12;9987;26;;;;;;;;;9990.0;0.0
0;52600;INTARIAN_PEPPER_ROOT;12034;8;12024;10;;;12037;10;12040;23;;;12035.5;0.0
0;52600;ASH_COATED_OSMIUM;9990;13;9987;27;;;10006;13;10008;27;;;9998.0;0.0
0;52700;ASH_COATED_OSMIUM;;;;;;;10006;12;10008;26;;;10006.0;0.0
0;52700;INTARIAN_PEPPER_ROOT;12024;8;;;;;12037;8;;;;;12030.5;0.0
0;52800;ASH_COATED_OSMIUM;9989;10;;;;;10005;10;;;;;9997.0;0.0
0;52800;INTARIAN_PEPPER_ROOT;12024;11;;;;;12037;11;12040;24;;;12030.5;0.0
0;52900;INTARIAN_PEPPER_ROOT;12023;11;12020;19;;;12036;11;12039;19;;;12029.5;0.0
0;52900;ASH_COATED_OSMIUM;9989;11;9986;29;;;10005;11;10007;29;;;9997.0;0.0
0;53000;INTARIAN_PEPPER_ROOT;12020;21;;;;;12037;8;;;;;12028.5;0.0
0;53000;ASH_COATED_OSMIUM;9989;14;9986;30;;;10005;14;10007;30;;;9997.0;0.0
0;53100;ASH_COATED_OSMIUM;9989;10;9986;28;;;10007;28;;;;;9998.0;0.0
0;53100;INTARIAN_PEPPER_ROOT;12024;12;12021;18;;;12037;12;;;;;12030.5;0.0
0;53200;ASH_COATED_OSMIUM;9989;10;9987;21;;;10005;10;10008;21;;;9997.0;0.0
0;53200;INTARIAN_PEPPER_ROOT;12033;5;12024;11;12021;24;12037;11;12040;24;;;12035.0;0.0
0;53300;INTARIAN_PEPPER_ROOT;12021;18;;;;;12037;10;;;;;12029.0;0.0
0;53300;ASH_COATED_OSMIUM;9990;13;9987;30;;;10006;13;;;;;9998.0;0.0
0;53400;INTARIAN_PEPPER_ROOT;12023;10;;;;;12039;19;;;;;12031.0;0.0
0;53400;ASH_COATED_OSMIUM;9990;10;9987;21;;;10006;10;10008;21;;;9998.0;0.0
0;53500;ASH_COATED_OSMIUM;9987;23;;;;;10006;10;10008;23;;;9996.5;0.0
0;53500;INTARIAN_PEPPER_ROOT;12023;8;12020;18;;;12036;8;12039;18;;;12029.5;0.0
0;53600;ASH_COATED_OSMIUM;9990;12;9987;28;;;10006;12;10008;28;;;9998.0;0.0
0;53600;INTARIAN_PEPPER_ROOT;12023;12;12020;23;;;12025;5;12039;23;;;12024.0;0.0
0;53700;INTARIAN_PEPPER_ROOT;12023;8;12020;18;;;12036;8;12039;18;;;12029.5;0.0
0;53700;ASH_COATED_OSMIUM;9990;11;9987;26;;;10008;26;;;;;9999.0;0.0
0;53800;INTARIAN_PEPPER_ROOT;12023;9;12020;16;;;12036;9;12039;16;;;12029.5;0.0
0;53800;ASH_COATED_OSMIUM;9990;11;;;;;9995;8;10006;11;10008;24;9992.5;0.0
0;53900;ASH_COATED_OSMIUM;9989;11;9987;25;;;10005;11;10008;25;;;9997.0;0.0
0;53900;INTARIAN_PEPPER_ROOT;12023;9;12020;16;;;12039;16;;;;;12031.0;0.0
0;54000;ASH_COATED_OSMIUM;9989;15;9986;25;;;10005;15;;;;;9997.0;0.0
0;54000;INTARIAN_PEPPER_ROOT;12022;12;12019;23;;;12039;23;;;;;12030.5;0.0
0;54100;INTARIAN_PEPPER_ROOT;;;;;;;12036;8;12039;16;;;12036.0;0.0
0;54100;ASH_COATED_OSMIUM;9986;21;;;;;10005;13;10007;21;;;9995.5;0.0
0;54200;INTARIAN_PEPPER_ROOT;12023;10;12020;23;;;12039;23;;;;;12031.0;0.0
0;54200;ASH_COATED_OSMIUM;9989;14;9986;30;;;10005;14;10007;30;;;9997.0;0.0
0;54300;ASH_COATED_OSMIUM;9988;15;9986;24;;;10004;15;10007;24;;;9996.0;0.0
0;54300;INTARIAN_PEPPER_ROOT;12020;16;;;;;12036;8;12039;16;;;12028.0;0.0
0;54400;ASH_COATED_OSMIUM;9988;10;9986;30;;;10004;10;10007;30;;;9996.0;0.0
0;54400;INTARIAN_PEPPER_ROOT;12023;11;;;;;12036;11;12039;15;;;12029.5;0.0
0;54500;INTARIAN_PEPPER_ROOT;12022;8;12019;21;;;12035;8;12038;21;;;12028.5;0.0
0;54500;ASH_COATED_OSMIUM;9988;11;9986;23;;;10004;11;;;;;9996.0;0.0
0;54600;INTARIAN_PEPPER_ROOT;12019;20;;;;;12038;20;;;;;12028.5;0.0
0;54600;ASH_COATED_OSMIUM;9988;12;9986;29;;;10004;12;10007;29;;;9996.0;0.0
0;54700;ASH_COATED_OSMIUM;9988;14;9986;30;;;10007;30;;;;;9997.5;0.0
0;54700;INTARIAN_PEPPER_ROOT;12022;10;12019;17;;;12035;10;;;;;12028.5;0.0
0;54800;ASH_COATED_OSMIUM;9988;12;;;;;10004;12;;;;;9996.0;0.0
0;54800;INTARIAN_PEPPER_ROOT;12019;25;;;;;12035;9;12038;25;;;12027.0;0.0
0;54900;INTARIAN_PEPPER_ROOT;12019;18;;;;;12038;18;;;;;12028.5;0.0
0;54900;ASH_COATED_OSMIUM;9988;15;;;;;;;;;;;9988.0;0.0
0;55000;INTARIAN_PEPPER_ROOT;12021;10;12018;20;;;12035;10;12038;20;;;12028.0;0.0
0;55000;ASH_COATED_OSMIUM;9988;10;9986;29;;;10004;10;10007;29;;;9996.0;0.0
0;55100;ASH_COATED_OSMIUM;9988;11;9986;27;;;10007;27;;;;;9997.5;0.0
0;55100;INTARIAN_PEPPER_ROOT;12022;8;12019;18;;;12035;8;12038;18;;;12028.5;0.0
0;55200;ASH_COATED_OSMIUM;9985;23;;;;;10006;23;;;;;9995.5;0.0
0;55200;INTARIAN_PEPPER_ROOT;12022;9;12019;25;;;12035;9;12038;25;;;12028.5;0.0
0;55300;INTARIAN_PEPPER_ROOT;12022;9;12019;17;;;12035;9;12038;17;;;12028.5;0.0
0;55300;ASH_COATED_OSMIUM;9988;10;9986;30;;;10004;10;10007;30;;;9996.0;0.0
0;55400;INTARIAN_PEPPER_ROOT;12019;17;;;;;12035;10;12038;17;;;12027.0;0.0
0;55400;ASH_COATED_OSMIUM;9985;24;;;;;10004;14;10006;24;;;9994.5;0.0
0;55500;INTARIAN_PEPPER_ROOT;12022;11;;;;;12035;11;;;;;12028.5;0.0
0;55500;ASH_COATED_OSMIUM;9988;13;9986;23;;;10004;13;10007;23;;;9996.0;0.0
0;55600;INTARIAN_PEPPER_ROOT;12021;12;;;;;12034;12;12037;16;;;12027.5;0.0
0;55600;ASH_COATED_OSMIUM;9988;14;;;;;10004;14;10006;23;;;9996.0;0.0
0;55700;INTARIAN_PEPPER_ROOT;12025;8;12021;9;12018;15;12034;9;12037;15;;;12029.5;0.0
0;55700;ASH_COATED_OSMIUM;9988;11;;;;;10004;11;10006;20;;;9996.0;0.0
0;55800;ASH_COATED_OSMIUM;;;;;;;10004;11;10006;30;;;10004.0;0.0
0;55800;INTARIAN_PEPPER_ROOT;12021;12;12018;20;;;12034;12;12037;20;;;12027.5;0.0
0;55900;ASH_COATED_OSMIUM;9985;22;;;;;10004;15;10006;22;;;9994.5;0.0
0;55900;INTARIAN_PEPPER_ROOT;12021;12;12018;16;;;12034;12;12037;16;;;12027.5;0.0
0;56000;ASH_COATED_OSMIUM;9988;15;9985;23;;;10004;15;10006;23;;;9996.0;0.0
0;56000;INTARIAN_PEPPER_ROOT;12021;8;12018;25;;;12035;8;12038;25;;;12028.0;0.0
0;56100;ASH_COATED_OSMIUM;9988;14;9986;24;;;10004;14;10007;24;;;9996.0;0.0
0;56100;INTARIAN_PEPPER_ROOT;12018;15;;;;;12034;10;;;;;12026.0;0.0
0;56200;ASH_COATED_OSMIUM;9988;13;9986;24;;;;;;;;;9988.0;0.0
0;56200;INTARIAN_PEPPER_ROOT;12021;8;;;;;12034;8;12037;15;;;12027.5;0.0
0;56300;ASH_COATED_OSMIUM;9988;13;9986;22;;;10004;13;10007;22;;;9996.0;0.0
0;56300;INTARIAN_PEPPER_ROOT;12021;12;12018;24;;;12037;24;;;;;12029.0;0.0
0;56400;ASH_COATED_OSMIUM;9988;11;;;;;9997;3;10004;11;10006;24;9992.5;0.0
0;56400;INTARIAN_PEPPER_ROOT;12021;11;12018;18;;;12034;11;12037;18;;;12027.5;0.0
0;56500;ASH_COATED_OSMIUM;9987;10;9985;24;;;9997;4;;;;;9992.0;0.0
0;56500;INTARIAN_PEPPER_ROOT;12021;8;12018;23;;;12034;8;12037;23;;;12027.5;0.0
0;56600;INTARIAN_PEPPER_ROOT;12021;11;12018;23;;;12034;11;;;;;12027.5;0.0
0;56600;ASH_COATED_OSMIUM;9988;15;9985;29;;;10004;15;10006;29;;;9996.0;0.0
0;56700;INTARIAN_PEPPER_ROOT;;;;;;;12033;10;12036;20;;;12033.0;0.0
0;56700;ASH_COATED_OSMIUM;9988;10;9985;20;;;10006;20;;;;;9997.0;0.0
0;56800;INTARIAN_PEPPER_ROOT;12020;12;12017;18;;;12033;12;12036;18;;;12026.5;0.0
0;56800;ASH_COATED_OSMIUM;9988;12;;;;;10004;12;10007;28;;;9996.0;0.0
0;56900;ASH_COATED_OSMIUM;9989;10;9986;20;;;10005;10;10007;20;;;9997.0;0.0
0;56900;INTARIAN_PEPPER_ROOT;12017;19;;;;;12033;12;12036;19;;;12025.0;0.0
0;57000;INTARIAN_PEPPER_ROOT;12017;25;;;;;12037;25;;;;;12027.0;0.0
0;57000;ASH_COATED_OSMIUM;9989;12;9986;30;;;10005;12;10007;30;;;9997.0;0.0
0;57100;ASH_COATED_OSMIUM;9988;14;9986;24;;;10004;14;;;;;9996.0;0.0
0;57100;INTARIAN_PEPPER_ROOT;12018;25;;;;;;;;;;;12018.0;0.0
0;57200;INTARIAN_PEPPER_ROOT;12020;12;12017;21;;;12033;12;12036;21;;;12026.5;0.0
0;57200;ASH_COATED_OSMIUM;9989;11;9986;25;;;10005;11;;;;;9997.0;0.0
0;57300;ASH_COATED_OSMIUM;9989;11;9986;28;;;9998;3;10005;11;10007;28;9993.5;0.0
0;57300;INTARIAN_PEPPER_ROOT;12020;11;12017;24;;;12033;11;12036;24;;;12026.5;0.0
0;57400;INTARIAN_PEPPER_ROOT;12020;11;;;;;12033;11;12036;15;;;12026.5;0.0
0;57400;ASH_COATED_OSMIUM;9988;15;9986;25;;;10007;25;;;;;9997.5;0.0
0;57500;ASH_COATED_OSMIUM;9988;12;9985;27;;;10004;12;10006;27;;;9996.0;0.0
0;57500;INTARIAN_PEPPER_ROOT;12024;8;12020;10;12017;19;12033;10;12036;19;;;12028.5;0.0
0;57600;INTARIAN_PEPPER_ROOT;12020;11;12017;18;;;;;;;;;12020.0;0.0
0;57600;ASH_COATED_OSMIUM;9987;14;9985;22;;;10003;14;;;;;9995.0;0.0
0;57700;ASH_COATED_OSMIUM;9985;30;;;;;10003;10;10006;30;;;9994.0;0.0
0;57700;INTARIAN_PEPPER_ROOT;12020;8;12017;23;;;12033;8;12036;23;;;12026.5;0.0
0;57800;INTARIAN_PEPPER_ROOT;12016;18;;;;;12032;10;12035;18;;;12024.0;0.0
0;57800;ASH_COATED_OSMIUM;9987;13;9985;27;;;;;;;;;9987.0;0.0
0;57900;ASH_COATED_OSMIUM;9985;27;;;;;10003;15;10006;27;;;9994.0;0.0
0;57900;INTARIAN_PEPPER_ROOT;12016;18;;;;;12032;8;12035;18;;;12024.0;0.0
0;58000;INTARIAN_PEPPER_ROOT;12019;9;12016;21;;;12033;9;12036;21;;;12026.0;0.0
0;58000;ASH_COATED_OSMIUM;9987;14;9985;27;;;10003;14;10006;27;;;9995.0;0.0
0;58100;ASH_COATED_OSMIUM;;;;;;;10003;14;10006;20;;;10003.0;0.0
0;58100;INTARIAN_PEPPER_ROOT;12020;11;12017;17;;;12033;11;12036;17;;;12026.5;0.0
0;58200;INTARIAN_PEPPER_ROOT;12017;24;;;;;12036;24;;;;;12026.5;0.0
0;58200;ASH_COATED_OSMIUM;9987;10;9985;27;;;10006;27;;;;;9996.5;0.0
0;58300;ASH_COATED_OSMIUM;9987;15;;;;;10003;15;10006;29;;;9995.0;0.0
0;58300;INTARIAN_PEPPER_ROOT;12019;8;12016;24;;;12032;8;12035;24;;;12025.5;0.0
0;58400;INTARIAN_PEPPER_ROOT;12019;8;;;;;12032;8;;;;;12025.5;0.0
0;58400;ASH_COATED_OSMIUM;9987;11;9984;23;;;10003;11;10005;23;;;9995.0;0.0
0;58500;ASH_COATED_OSMIUM;9987;15;;;;;10003;15;;;;;9995.0;0.0
0;58500;INTARIAN_PEPPER_ROOT;12019;12;12016;19;;;12032;12;12035;19;;;12025.5;0.0
0;58600;INTARIAN_PEPPER_ROOT;12019;9;12016;21;;;12035;21;;;;;12027.0;0.0
0;58600;ASH_COATED_OSMIUM;9987;12;9984;25;;;10003;12;10005;25;;;9995.0;0.0
0;58700;ASH_COATED_OSMIUM;9987;12;9984;29;;;10003;12;10005;29;;;9995.0;0.0
0;58700;INTARIAN_PEPPER_ROOT;12019;8;;;;;12032;8;12035;16;;;12025.5;0.0
0;58800;INTARIAN_PEPPER_ROOT;12019;9;12016;17;;;12032;9;12035;17;;;12025.5;0.0
0;58800;ASH_COATED_OSMIUM;9987;15;9984;28;;;10003;15;10005;28;;;9995.0;0.0
0;58900;ASH_COATED_OSMIUM;9987;14;9985;24;;;10003;14;10006;24;;;9995.0;0.0
0;58900;INTARIAN_PEPPER_ROOT;12018;11;12015;24;;;12031;11;;;;;12024.5;0.0
0;59000;INTARIAN_PEPPER_ROOT;;;;;;;12032;11;12035;25;;;12032.0;0.0
0;59000;ASH_COATED_OSMIUM;9987;10;9985;21;;;10003;10;10006;21;;;9995.0;0.0
0;59100;ASH_COATED_OSMIUM;9985;28;;;;;10006;28;;;;;9995.5;0.0
0;59100;INTARIAN_PEPPER_ROOT;12019;10;12016;24;;;12032;10;;;;;12025.5;0.0
0;59200;INTARIAN_PEPPER_ROOT;12019;12;12016;25;;;12032;12;;;;;12025.5;0.0
0;59200;ASH_COATED_OSMIUM;9992;5;9987;12;9984;20;10005;20;;;;;9998.5;0.0
0;59300;ASH_COATED_OSMIUM;9984;24;;;;;10003;15;10005;24;;;9993.5;0.0
0;59300;INTARIAN_PEPPER_ROOT;12019;8;12016;19;;;12032;8;12035;19;;;12025.5;0.0
0;59400;INTARIAN_PEPPER_ROOT;12019;8;12016;17;;;12032;8;;;;;12025.5;0.0
0;59400;ASH_COATED_OSMIUM;9986;10;;;;;10002;10;10004;27;;;9994.0;0.0
0;59500;ASH_COATED_OSMIUM;9986;14;;;;;10002;14;10005;22;;;9994.0;0.0
0;59500;INTARIAN_PEPPER_ROOT;12018;8;12015;20;;;12031;8;12034;20;;;12024.5;0.0
0;59600;INTARIAN_PEPPER_ROOT;12018;9;12015;22;;;12031;9;12034;22;;;12024.5;0.0
0;59600;ASH_COATED_OSMIUM;9983;26;;;;;10004;26;;;;;9993.5;0.0
0;59700;ASH_COATED_OSMIUM;9986;11;9984;24;;;9996;3;10002;11;10005;24;9991.0;0.0
0;59700;INTARIAN_PEPPER_ROOT;12018;11;12015;18;;;12027;12;12031;11;12034;18;12022.5;0.0
0;59800;INTARIAN_PEPPER_ROOT;12018;8;12015;16;;;12031;8;;;;;12024.5;0.0
0;59800;ASH_COATED_OSMIUM;9983;29;;;;;10002;12;10004;29;;;9992.5;0.0
0;59900;INTARIAN_PEPPER_ROOT;12018;12;12015;23;;;12031;12;12034;23;;;12024.5;0.0
0;59900;ASH_COATED_OSMIUM;9987;14;9984;23;;;;;;;;;9987.0;0.0
0;60000;INTARIAN_PEPPER_ROOT;12018;9;12015;24;;;12032;9;12035;24;;;12025.0;0.0
0;60000;ASH_COATED_OSMIUM;9987;14;;;;;10003;14;10005;29;;;9995.0;0.0
0;60100;INTARIAN_PEPPER_ROOT;12019;11;12016;19;;;12032;11;12035;19;;;12025.5;0.0
0;60100;ASH_COATED_OSMIUM;9987;11;9984;21;;;10003;11;10005;21;;;9995.0;0.0
0;60200;INTARIAN_PEPPER_ROOT;12015;19;;;;;12031;10;12034;19;;;12023.0;0.0
0;60200;ASH_COATED_OSMIUM;9987;13;9984;24;;;10003;13;10005;24;;;9995.0;0.0
0;60300;ASH_COATED_OSMIUM;9984;21;;;;;9992;9;10005;21;;;9988.0;0.0
0;60300;INTARIAN_PEPPER_ROOT;12018;8;12015;19;;;12031;8;12034;19;;;12024.5;0.0
0;60400;ASH_COATED_OSMIUM;9987;13;9984;26;;;10003;13;10005;26;;;9995.0;0.0
0;60400;INTARIAN_PEPPER_ROOT;12018;11;12015;16;;;12031;11;;;;;12024.5;0.0
0;60500;ASH_COATED_OSMIUM;9987;13;;;;;10003;13;;;;;9995.0;0.0
0;60500;INTARIAN_PEPPER_ROOT;12018;10;12015;22;;;12031;10;12034;22;;;12024.5;0.0
0;60600;ASH_COATED_OSMIUM;9987;11;9985;26;;;10003;11;10006;26;;;9995.0;0.0
0;60600;INTARIAN_PEPPER_ROOT;12018;10;12015;25;;;12031;10;;;;;12024.5;0.0
0;60700;ASH_COATED_OSMIUM;9988;14;9985;23;;;10004;14;10006;23;;;9996.0;0.0
0;60700;INTARIAN_PEPPER_ROOT;12018;8;;;;;12031;8;12034;16;;;12024.5;0.0
0;60800;ASH_COATED_OSMIUM;9984;23;;;;;10003;15;10005;23;;;9993.5;0.0
0;60800;INTARIAN_PEPPER_ROOT;12017;12;12014;19;;;12033;19;;;;;12025.0;0.0
0;60900;ASH_COATED_OSMIUM;9987;12;9985;30;;;10003;12;10006;30;;;9995.0;0.0
0;60900;INTARIAN_PEPPER_ROOT;12014;24;;;;;12030;12;;;;;12022.0;0.0
0;61000;INTARIAN_PEPPER_ROOT;12017;10;12014;23;;;12031;10;12034;23;;;12024.0;0.0
0;61000;ASH_COATED_OSMIUM;9988;15;;;;;10006;26;;;;;9997.0;0.0
0;61100;INTARIAN_PEPPER_ROOT;12018;8;12015;15;;;12031;8;12034;15;;;12024.5;0.0
0;61100;ASH_COATED_OSMIUM;9989;13;;;;;10005;13;10007;30;;;9997.0;0.0
0;61200;INTARIAN_PEPPER_ROOT;12018;11;12015;22;;;12031;11;;;;;12024.5;0.0
0;61200;ASH_COATED_OSMIUM;9989;11;9986;27;;;10005;11;;;;;9997.0;0.0
0;61300;INTARIAN_PEPPER_ROOT;12015;23;;;;;12034;23;;;;;12024.5;0.0
0;61300;ASH_COATED_OSMIUM;9989;11;9986;30;;;10007;30;;;;;9998.0;0.0
0;61400;ASH_COATED_OSMIUM;;;;;;;10007;23;;;;;10007.0;0.0
0;61400;INTARIAN_PEPPER_ROOT;12018;10;12015;21;;;12031;10;12034;21;;;12024.5;0.0
0;61500;INTARIAN_PEPPER_ROOT;12018;11;12015;23;;;12034;23;;;;;12026.0;0.0
0;61500;ASH_COATED_OSMIUM;;;;;;;10005;14;10007;30;;;10005.0;0.0
0;61600;INTARIAN_PEPPER_ROOT;12017;9;;;;;12030;9;12033;15;;;12023.5;0.0
0;61600;ASH_COATED_OSMIUM;9989;13;9986;21;;;10005;13;;;;;9997.0;0.0
0;61700;ASH_COATED_OSMIUM;9989;11;;;;;10005;11;10007;29;;;9997.0;0.0
0;61700;INTARIAN_PEPPER_ROOT;12017;11;12014;22;;;;;;;;;12017.0;0.0
0;61800;ASH_COATED_OSMIUM;9989;12;9986;27;;;10005;12;10007;27;;;9997.0;0.0
0;61800;INTARIAN_PEPPER_ROOT;12017;10;12014;18;;;12030;10;12033;18;;;12023.5;0.0
0;61900;INTARIAN_PEPPER_ROOT;12021;6;12017;11;12014;18;12030;11;12033;18;;;12025.5;0.0
0;61900;ASH_COATED_OSMIUM;9989;10;9987;21;;;10005;10;10008;21;;;9997.0;0.0
0;62000;INTARIAN_PEPPER_ROOT;12014;17;;;;;12031;12;12034;17;;;12022.5;0.0
0;62000;ASH_COATED_OSMIUM;9989;13;9986;21;;;10005;13;10007;21;;;9997.0;0.0
0;62100;ASH_COATED_OSMIUM;9988;12;9986;24;;;;;;;;;9988.0;0.0
0;62100;INTARIAN_PEPPER_ROOT;12018;8;12015;21;;;12031;8;12034;21;;;12024.5;0.0
0;62200;ASH_COATED_OSMIUM;9987;29;;;;;10008;29;;;;;9997.5;0.0
0;62200;INTARIAN_PEPPER_ROOT;12018;11;12015;16;;;12031;11;12034;16;;;12024.5;0.0
0;62300;INTARIAN_PEPPER_ROOT;12017;12;12014;18;;;12033;18;;;;;12025.0;0.0
0;62300;ASH_COATED_OSMIUM;9989;14;9987;21;;;10005;14;;;;;9997.0;0.0
0;62400;INTARIAN_PEPPER_ROOT;12017;10;12014;15;;;12030;10;12033;15;;;12023.5;0.0
0;62400;ASH_COATED_OSMIUM;9989;13;9987;30;;;10005;13;10008;30;;;9997.0;0.0
0;62500;ASH_COATED_OSMIUM;9987;24;;;;;10005;14;10008;24;;;9996.0;0.0
0;62500;INTARIAN_PEPPER_ROOT;12017;9;12014;17;;;12030;9;12033;17;;;12023.5;0.0
0;62600;ASH_COATED_OSMIUM;9990;15;9987;25;;;10006;15;;;;;9998.0;0.0
0;62600;INTARIAN_PEPPER_ROOT;12017;12;12014;25;;;12030;12;12033;25;;;12023.5;0.0
0;62700;INTARIAN_PEPPER_ROOT;12017;11;12014;17;;;12030;11;12033;17;;;12023.5;0.0
0;62700;ASH_COATED_OSMIUM;9989;15;9986;24;;;10005;15;10007;24;;;9997.0;0.0
0;62800;INTARIAN_PEPPER_ROOT;12014;25;;;;;12030;10;12033;25;;;12022.0;0.0
0;62800;ASH_COATED_OSMIUM;9989;10;9986;24;;;10005;10;10007;24;;;9997.0;0.0
0;62900;ASH_COATED_OSMIUM;9986;30;;;;;10005;13;10007;30;;;9995.5;0.0
0;62900;INTARIAN_PEPPER_ROOT;12017;9;12014;18;;;12030;9;12033;18;;;12023.5;0.0
0;63000;ASH_COATED_OSMIUM;9986;24;;;;;10005;10;;;;;9995.5;0.0
0;63000;INTARIAN_PEPPER_ROOT;12017;12;;;;;12031;12;;;;;12024.0;0.0
0;63100;INTARIAN_PEPPER_ROOT;12018;12;12015;16;;;12031;12;12034;16;;;12024.5;0.0
0;63100;ASH_COATED_OSMIUM;9988;14;9986;23;;;10004;14;10007;23;;;9996.0;0.0
0;63200;INTARIAN_PEPPER_ROOT;12017;10;12014;19;;;12030;10;12033;19;;;12023.5;0.0
0;63200;ASH_COATED_OSMIUM;9988;10;9986;20;;;10007;20;;;;;9997.5;0.0
0;63300;ASH_COATED_OSMIUM;9988;14;;;;;10004;14;10007;24;;;9996.0;0.0
0;63300;INTARIAN_PEPPER_ROOT;12014;18;;;;;12030;11;;;;;12022.0;0.0
0;63400;ASH_COATED_OSMIUM;9986;24;;;;;10004;10;;;;;9995.0;0.0
0;63400;INTARIAN_PEPPER_ROOT;12017;10;12014;17;;;12030;10;;;;;12023.5;0.0
0;63500;INTARIAN_PEPPER_ROOT;12014;25;;;;;12030;10;12033;25;;;12022.0;0.0
0;63500;ASH_COATED_OSMIUM;9986;23;;;;;10004;10;10007;23;;;9995.0;0.0
0;63600;INTARIAN_PEPPER_ROOT;12017;8;12014;25;;;12033;25;;;;;12025.0;0.0
0;63600;ASH_COATED_OSMIUM;9988;11;9986;26;;;10004;11;10007;26;;;9996.0;0.0
0;63700;ASH_COATED_OSMIUM;9989;14;9986;26;;;10005;14;10007;26;;;9997.0;0.0
0;63700;INTARIAN_PEPPER_ROOT;12017;10;12014;25;;;12030;10;;;;;12023.5;0.0
0;63800;ASH_COATED_OSMIUM;9989;10;9986;20;;;10005;10;10007;20;;;9997.0;0.0
0;63800;INTARIAN_PEPPER_ROOT;12017;12;;;;;12030;12;;;;;12023.5;0.0
0;63900;INTARIAN_PEPPER_ROOT;12017;10;12014;25;;;12030;10;12033;25;;;12023.5;0.0
0;63900;ASH_COATED_OSMIUM;9988;12;9986;21;;;10004;12;10007;21;;;9996.0;0.0
0;64000;INTARIAN_PEPPER_ROOT;12017;9;12014;16;;;12031;9;12034;16;;;12024.0;0.0
0;64000;ASH_COATED_OSMIUM;9988;11;9986;25;;;10007;25;;;;;9997.5;0.0
0;64100;ASH_COATED_OSMIUM;9988;11;9985;26;;;10004;11;10006;26;;;9996.0;0.0
0;64100;INTARIAN_PEPPER_ROOT;;;;;;;12030;12;12033;23;;;12030.0;0.0
0;64200;ASH_COATED_OSMIUM;9988;11;;;;;10004;11;10007;30;;;9996.0;0.0
0;64200;INTARIAN_PEPPER_ROOT;12017;8;12014;16;;;12030;8;12033;16;;;12023.5;0.0
0;64300;INTARIAN_PEPPER_ROOT;12017;10;12014;17;;;12019;3;12033;17;;;12018.0;0.0
0;64300;ASH_COATED_OSMIUM;9988;11;9986;20;;;10004;11;10007;20;;;9996.0;0.0
0;64400;INTARIAN_PEPPER_ROOT;12017;11;12014;24;;;12033;24;;;;;12025.0;0.0
0;64400;ASH_COATED_OSMIUM;9988;14;;;;;;;;;;;9988.0;0.0
0;64500;INTARIAN_PEPPER_ROOT;12014;18;;;;;12030;8;12033;18;;;12022.0;0.0
0;64500;ASH_COATED_OSMIUM;;;;;;;10004;13;10007;28;;;10004.0;0.0
0;64600;INTARIAN_PEPPER_ROOT;12017;11;12014;19;;;12030;11;12033;19;;;12023.5;0.0
0;64600;ASH_COATED_OSMIUM;9988;10;9986;26;;;10007;26;;;;;9997.5;0.0
0;64700;ASH_COATED_OSMIUM;9988;10;9986;28;;;10004;10;10007;28;;;9996.0;0.0
0;64700;INTARIAN_PEPPER_ROOT;12014;24;;;;;12033;24;;;;;12023.5;0.0
0;64800;ASH_COATED_OSMIUM;9989;15;9986;25;;;10005;15;10007;25;;;9997.0;0.0
0;64800;INTARIAN_PEPPER_ROOT;;;;;;;12030;9;12033;25;;;12030.0;0.0
0;64900;ASH_COATED_OSMIUM;9988;13;9986;29;;;10004;13;10007;29;;;9996.0;0.0
0;64900;INTARIAN_PEPPER_ROOT;12017;12;12014;23;;;12030;12;12033;23;;;12023.5;0.0
0;65000;ASH_COATED_OSMIUM;9988;15;9986;25;;;10004;15;10007;25;;;9996.0;0.0
0;65000;INTARIAN_PEPPER_ROOT;12017;12;;;;;12034;17;;;;;12025.5;0.0
0;65100;ASH_COATED_OSMIUM;9987;13;9985;25;;;10003;13;10006;25;;;9995.0;0.0
0;65100;INTARIAN_PEPPER_ROOT;12018;9;12015;18;;;12031;9;;;;;12024.5;0.0
0;65200;ASH_COATED_OSMIUM;9987;12;9985;23;;;10003;12;10006;23;;;9995.0;0.0
0;65200;INTARIAN_PEPPER_ROOT;12018;9;12015;16;;;12031;9;12034;16;;;12024.5;0.0
0;65300;ASH_COATED_OSMIUM;9985;21;;;;;10004;11;;;;;9994.5;0.0
0;65300;INTARIAN_PEPPER_ROOT;12017;12;12014;21;;;12030;12;12033;21;;;12023.5;0.0
0;65400;INTARIAN_PEPPER_ROOT;12017;12;12014;25;;;12030;12;;;;;12023.5;0.0
0;65400;ASH_COATED_OSMIUM;9988;13;9986;23;;;10004;13;10007;23;;;9996.0;0.0
0;65500;INTARIAN_PEPPER_ROOT;12017;9;12014;15;;;12030;9;12033;15;;;12023.5;0.0
0;65500;ASH_COATED_OSMIUM;9989;11;;;;;9994;8;10005;11;10007;24;9991.5;0.0
0;65600;INTARIAN_PEPPER_ROOT;12017;11;;;;;12030;11;;;;;12023.5;0.0
0;65600;ASH_COATED_OSMIUM;9989;11;;;;;10005;11;10008;26;;;9997.0;0.0
0;65700;INTARIAN_PEPPER_ROOT;;;;;;;12030;12;;;;;12030.0;0.0
0;65700;ASH_COATED_OSMIUM;9988;14;9986;26;;;10004;14;;;;;9996.0;0.0
0;65800;INTARIAN_PEPPER_ROOT;12017;12;12014;17;;;12030;12;12033;17;;;12023.5;0.0
0;65800;ASH_COATED_OSMIUM;9989;11;;;;;10005;11;10007;24;;;9997.0;0.0
0;65900;ASH_COATED_OSMIUM;9989;10;9986;29;;;10005;10;10007;29;;;9997.0;0.0
0;65900;INTARIAN_PEPPER_ROOT;12017;12;12014;22;;;12030;12;12033;22;;;12023.5;0.0
0;66000;INTARIAN_PEPPER_ROOT;12017;12;;;;;12034;20;;;;;12025.5;0.0
0;66000;ASH_COATED_OSMIUM;9989;13;9987;23;;;10005;13;10008;23;;;9997.0;0.0
0;66100;ASH_COATED_OSMIUM;9989;12;;;;;10005;12;10007;29;;;9997.0;0.0
0;66100;INTARIAN_PEPPER_ROOT;12018;8;12015;25;;;12034;25;;;;;12026.0;0.0
0;66200;INTARIAN_PEPPER_ROOT;12018;8;;;;;12034;22;;;;;12026.0;0.0
0;66200;ASH_COATED_OSMIUM;9990;10;9987;26;;;10006;10;10008;26;;;9998.0;0.0
0;66300;ASH_COATED_OSMIUM;9989;11;9987;22;;;10005;11;10008;22;;;9997.0;0.0
0;66300;INTARIAN_PEPPER_ROOT;12018;11;;;;;12031;11;12034;25;;;12024.5;0.0
0;66400;INTARIAN_PEPPER_ROOT;12018;10;12015;25;;;12031;10;12034;25;;;12024.5;0.0
0;66400;ASH_COATED_OSMIUM;9989;14;9986;24;;;10005;14;10007;24;;;9997.0;0.0
0;66500;ASH_COATED_OSMIUM;9989;15;9986;30;;;10005;15;10007;30;;;9997.0;0.0
0;66500;INTARIAN_PEPPER_ROOT;12018;9;12015;19;;;12031;9;12034;19;;;12024.5;0.0
0;66600;INTARIAN_PEPPER_ROOT;12018;10;;;;;12031;10;12034;16;;;12024.5;0.0
0;66600;ASH_COATED_OSMIUM;9989;12;9986;20;;;10005;12;10007;20;;;9997.0;0.0
0;66700;ASH_COATED_OSMIUM;9986;20;;;;;10005;11;10007;20;;;9995.5;0.0
0;66700;INTARIAN_PEPPER_ROOT;12018;10;12015;21;;;12031;10;12034;21;;;12024.5;0.0
0;66800;INTARIAN_PEPPER_ROOT;12018;10;12015;20;;;12031;10;12034;20;;;12024.5;0.0
0;66800;ASH_COATED_OSMIUM;;;;;;;;;;;;;0.0;0.0
0;66900;ASH_COATED_OSMIUM;9989;11;;;;;10005;11;;;;;9997.0;0.0
0;66900;INTARIAN_PEPPER_ROOT;12018;12;12015;22;;;12031;12;12034;22;;;12024.5;0.0
0;67000;INTARIAN_PEPPER_ROOT;12015;23;;;;;12035;23;;;;;12025.0;0.0
0;67000;ASH_COATED_OSMIUM;9989;15;9986;22;;;10007;22;;;;;9998.0;0.0
0;67100;ASH_COATED_OSMIUM;9989;10;9986;23;;;10005;10;10007;23;;;9997.0;0.0
0;67100;INTARIAN_PEPPER_ROOT;12015;20;;;;;12031;11;12034;20;;;12023.0;0.0
0;67200;INTARIAN_PEPPER_ROOT;12018;9;;;;;12031;9;12034;23;;;12024.5;0.0
0;67200;ASH_COATED_OSMIUM;9989;12;9986;26;;;10005;12;10007;26;;;9997.0;0.0
0;67300;ASH_COATED_OSMIUM;9988;10;9986;26;;;10004;10;10007;26;;;9996.0;0.0
0;67300;INTARIAN_PEPPER_ROOT;12018;8;12015;15;;;12031;8;;;;;12024.5;0.0
0;67400;INTARIAN_PEPPER_ROOT;12018;9;12015;17;;;12034;17;;;;;12026.0;0.0
0;67400;ASH_COATED_OSMIUM;9987;21;;;;;10007;21;;;;;9997.0;0.0
0;67500;ASH_COATED_OSMIUM;9989;12;;;;;10008;27;;;;;9998.5;0.0
0;67500;INTARIAN_PEPPER_ROOT;12018;9;12015;19;;;12031;9;12034;19;;;12024.5;0.0
0;67600;INTARIAN_PEPPER_ROOT;12028;4;12018;9;;;12031;9;;;;;12029.5;0.0
0;67600;ASH_COATED_OSMIUM;9989;11;9986;25;;;10005;11;10007;25;;;9997.0;0.0
0;67700;ASH_COATED_OSMIUM;9988;11;;;;;10004;11;10007;25;;;9996.0;0.0
0;67700;INTARIAN_PEPPER_ROOT;12018;11;12015;17;;;12031;11;12034;17;;;12024.5;0.0
0;67800;INTARIAN_PEPPER_ROOT;12018;12;12015;21;;;12031;12;12034;21;;;12024.5;0.0
0;67800;ASH_COATED_OSMIUM;9989;10;9987;25;;;10005;10;10008;25;;;9997.0;0.0
0;67900;ASH_COATED_OSMIUM;9989;13;9986;21;;;10005;13;10007;21;;;9997.0;0.0
0;67900;INTARIAN_PEPPER_ROOT;12018;12;12015;20;;;12031;12;12034;20;;;12024.5;0.0
0;68000;INTARIAN_PEPPER_ROOT;12018;11;12015;16;;;;;;;;;12018.0;0.0
0;68000;ASH_COATED_OSMIUM;9989;12;;;;;10005;12;10007;29;;;9997.0;0.0
0;68100;ASH_COATED_OSMIUM;9989;15;9987;22;;;10005;15;10008;22;;;9997.0;0.0
0;68100;INTARIAN_PEPPER_ROOT;12019;9;12016;22;;;12035;22;;;;;12027.0;0.0
0;68200;INTARIAN_PEPPER_ROOT;12019;9;12016;18;;;12032;9;12035;18;;;12025.5;0.0
0;68200;ASH_COATED_OSMIUM;9989;11;9987;26;;;10005;11;;;;;9997.0;0.0
0;68300;ASH_COATED_OSMIUM;9986;20;;;;;10007;20;;;;;9996.5;0.0
0;68300;INTARIAN_PEPPER_ROOT;12016;16;;;;;12035;16;;;;;12025.5;0.0
0;68400;INTARIAN_PEPPER_ROOT;12019;10;12016;25;;;12032;10;12035;25;;;12025.5;0.0
0;68400;ASH_COATED_OSMIUM;9989;12;9987;27;;;10005;12;;;;;9997.0;0.0
0;68500;ASH_COATED_OSMIUM;9989;12;9987;27;;;10005;12;10008;27;;;9997.0;0.0
0;68500;INTARIAN_PEPPER_ROOT;12019;11;12016;17;;;12035;17;;;;;12027.0;0.0
0;68600;INTARIAN_PEPPER_ROOT;12019;9;;;;;12032;9;12035;22;;;12025.5;0.0
