timestamp;buyer;seller;symbol;currency;price;quantity
0;;;ASH_COATED_OSMIUM;XIRECS;9995.0;6
3600;;;ASH_COATED_OSMIUM;XIRECS;10009.0;3
4200;;;ASH_COATED_OSMIUM;XIRECS;10011.0;2
4400;;;INTARIAN_PEPPER_ROOT;XIRECS;12022.0;5
4800;;;INTARIAN_PEPPER_ROOT;XIRECS;12018.0;3
5000;;;INTARIAN_PEPPER_ROOT;XIRECS;12008.0;5
9100;;;ASH_COATED_OSMIUM;XIRECS;9998.0;4
9600;;;ASH_COATED_OSMIUM;XIRECS;9993.0;6
10000;;;ASH_COATED_OSMIUM;XIRECS;9994.0;8
12100;;;ASH_COATED_OSMIUM;XIRECS;9994.0;5
14000;;;ASH_COATED_OSMIUM;XIRECS;10011.0;3
15100;;;ASH_COATED_OSMIUM;XIRECS;10010.0;2
15100;;;ASH_COATED_OSMIUM;XIRECS;10010.0;8
17400;;;INTARIAN_PEPPER_ROOT;XIRECS;12003.0;3
18500;;;ASH_COATED_OSMIUM;XIRECS;10010.0;6
23000;;;INTARIAN_PEPPER_ROOT;XIRECS;12006.0;4
23100;;;INTARIAN_PEPPER_ROOT;XIRECS;12009.0;4
23900;;;ASH_COATED_OSMIUM;XIRECS;9990.0;4
24300;;;ASH_COATED_OSMIUM;XIRECS;9993.0;4
24600;;;ASH_COATED_OSMIUM;XIRECS;9992.0;3
30400;;;ASH_COATED_OSMIUM;XIRECS;10009.0;2
30400;;;INTARIAN_PEPPER_ROOT;XIRECS;12030.0;6
32800;;;ASH_COATED_OSMIUM;XIRECS;9992.0;4
34000;;;ASH_COATED_OSMIUM;XIRECS;10010.0;7
34400;;;INTARIAN_PEPPER_ROOT;XIRECS;12035.0;3
34500;;;ASH_COATED_OSMIUM;XIRECS;9993.0;8
35700;;;INTARIAN_PEPPER_ROOT;XIRECS;12039.0;7
35700;;;INTARIAN_PEPPER_ROOT;XIRECS;12033.0;3
35800;;;INTARIAN_PEPPER_ROOT;XIRECS;12026.0;7
36500;;;ASH_COATED_OSMIUM;XIRECS;10010.0;3
37900;;;ASH_COATED_OSMIUM;XIRECS;9990.0;4
38400;;;ASH_COATED_OSMIUM;XIRECS;10009.0;3
38500;;;INTARIAN_PEPPER_ROOT;XIRECS;12026.0;5
39100;;;ASH_COATED_OSMIUM;XIRECS;10009.0;6
39900;;;ASH_COATED_OSMIUM;XIRECS;10010.0;7
41500;;;ASH_COATED_OSMIUM;XIRECS;10009.0;5
42800;;;INTARIAN_PEPPER_ROOT;XIRECS;12041.0;5
44700;;;INTARIAN_PEPPER_ROOT;XIRECS;12031.0;8
50900;;;ASH_COATED_OSMIUM;XIRECS;9990.0;5
51400;;;INTARIAN_PEPPER_ROOT;XIRECS;12025.0;4
52600;;;INTARIAN_PEPPER_ROOT;XIRECS;12034.0;8
54600;;;ASH_COATED_OSMIUM;XIRECS;9988.0;6
57000;;;INTARIAN_PEPPER_ROOT;XIRECS;12037.0;4
58400;;;ASH_COATED_OSMIUM;XIRECS;9987.0;3
59500;;;ASH_COATED_OSMIUM;XIRECS;10002.0;2
62000;;;ASH_COATED_OSMIUM;XIRECS;10005.0;6
63700;;;ASH_COATED_OSMIUM;XIRECS;9989.0;2
64300;;;INTARIAN_PEPPER_ROOT;XIRECS;12019.0;3
64900;;;ASH_COATED_OSMIUM;XIRECS;10004.0;4
65300;;;ASH_COATED_OSMIUM;XIRECS;9985.0;2
67600;;;INTARIAN_PEPPER_ROOT;XIRECS;12028.0;4
68000;;;ASH_COATED_OSMIUM;XIRECS;10005.0;3
70400;;;INTARIAN_PEPPER_ROOT;XIRECS;12031.0;5
71500;;;INTARIAN_PEPPER_ROOT;XIRECS;12025.0;4
73700;;;INTARIAN_PEPPER_ROOT;XIRECS;12027.0;4
76300;;;ASH_COATED_OSMIUM;XIRECS;9993.0;6
76500;;;ASH_COATED_OSMIUM;XIRECS;10012.0;8
77200;;;INTARIAN_PEPPER_ROOT;XIRECS;12036.0;3
80200;;;INTARIAN_PEPPER_ROOT;XIRECS;12045.0;5
83700;;;ASH_COATED_OSMIUM;XIRECS;10005.0;2
84400;;;INTARIAN_PEPPER_ROOT;XIRECS;12069.0;5
84600;;;INTARIAN_PEPPER_ROOT;XIRECS;12073.0;6
84800;;;INTARIAN_PEPPER_ROOT;XIRECS;12071.0;5
85500;;;ASH_COATED_OSMIUM;XIRECS;9988.0;7
85700;;;ASH_COATED_OSMIUM;XIRECS;9995.0;3
85900;;;ASH_COATED_OSMIUM;XIRECS;9986.0;5
87400;;;INTARIAN_PEPPER_ROOT;XIRECS;12070.0;3
87900;;;ASH_COATED_OSMIUM;XIRECS;9992.0;5
88300;;;ASH_COATED_OSMIUM;XIRECS;10011.0;2
90200;;;ASH_COATED_OSMIUM;XIRECS;10011.0;10
90700;;;ASH_COATED_OSMIUM;XIRECS;10011.0;2
90800;;;ASH_COATED_OSMIUM;XIRECS;9995.0;6
91700;;;INTARIAN_PEPPER_ROOT;XIRECS;12088.0;8
92500;;;INTARIAN_PEPPER_ROOT;XIRECS;12101.0;7
95900;;;ASH_COATED_OSMIUM;XIRECS;10008.0;3
96900;;;ASH_COATED_OSMIUM;XIRECS;10007.0;6
96900;;;ASH_COATED_OSMIUM;XIRECS;10007.0;8
97200;;;INTARIAN_PEPPER_ROOT;XIRECS;12116.0;7
105900;;;ASH_COATED_OSMIUM;XIRECS;10013.0;5
107000;;;INTARIAN_PEPPER_ROOT;XIRECS;12133.0;7
107200;;;ASH_COATED_OSMIUM;XIRECS;9995.0;3
108800;;;INTARIAN_PEPPER_ROOT;XIRECS;12131.0;3
109800;;;INTARIAN_PEPPER_ROOT;XIRECS;12134.0;4
109800;;;INTARIAN_PEPPER_ROOT;XIRECS;12131.0;3
111600;;;ASH_COATED_OSMIUM;XIRECS;9993.0;5
114700;;;ASH_COATED_OSMIUM;XIRECS;9995.0;3
116100;;;ASH_COATED_OSMIUM;XIRECS;9993.0;8
117500;;;INTARIAN_PEPPER_ROOT;XIRECS;12125.0;6
120100;;;INTARIAN_PEPPER_ROOT;XIRECS;12139.0;4
122000;;;ASH_COATED_OSMIUM;XIRECS;10012.0;10
122300;;;ASH_COATED_OSMIUM;XIRECS;10012.0;5
122400;;;INTARIAN_PEPPER_ROOT;XIRECS;12141.0;7
124500;;;ASH_COATED_OSMIUM;XIRECS;9992.0;2
126400;;;ASH_COATED_OSMIUM;XIRECS;9993.0;6
126500;;;ASH_COATED_OSMIUM;XIRECS;9993.0;6
127800;;;ASH_COATED_OSMIUM;XIRECS;10012.0;2
127800;;;INTARIAN_PEPPER_ROOT;XIRECS;12133.0;3
129500;;;INTARIAN_PEPPER_ROOT;XIRECS;12149.0;3
130300;;;ASH_COATED_OSMIUM;XIRECS;10011.0;2
131000;;;ASH_COATED_OSMIUM;XIRECS;10008.0;9
131100;;;INTARIAN_PEPPER_ROOT;XIRECS;12152.0;4
131400;;;ASH_COATED_OSMIUM;XIRECS;10009.0;2
132300;;;INTARIAN_PEPPER_ROOT;XIRECS;12142.0;3
137700;;;ASH_COATED_OSMIUM;XIRECS;10012.0;3
138000;;;INTARIAN_PEPPER_ROOT;XIRECS;12154.0;4
138700;;;INTARIAN_PEPPER_ROOT;XIRECS;12166.0;3
139400;;;ASH_COATED_OSMIUM;XIRECS;9995.0;6
139400;;;ASH_COATED_OSMIUM;XIRECS;9995.0;5
141900;;;INTARIAN_PEPPER_ROOT;XIRECS;12164.0;4
142000;;;ASH_COATED_OSMIUM;XIRECS;9994.0;2
142200;;;ASH_COATED_OSMIUM;XIRECS;9994.0;6
142300;;;INTARIAN_PEPPER_ROOT;XIRECS;12175.0;6
146700;;;ASH_COATED_OSMIUM;XIRECS;10010.0;6
148200;;;INTARIAN_PEPPER_ROOT;XIRECS;12179.0;7
149500;;;ASH_COATED_OSMIUM;XIRECS;10012.0;9
153200;;;ASH_COATED_OSMIUM;XIRECS;9996.0;5
154600;;;ASH_COATED_OSMIUM;XIRECS;9995.0;2
155300;;;ASH_COATED_OSMIUM;XIRECS;10012.0;10
155500;;;ASH_COATED_OSMIUM;XIRECS;10012.0;6
155700;;;ASH_COATED_OSMIUM;XIRECS;10015.0;7
155800;;;ASH_COATED_OSMIUM;XIRECS;9997.0;5
158200;;;ASH_COATED_OSMIUM;XIRECS;9998.0;5
164100;;;INTARIAN_PEPPER_ROOT;XIRECS;12193.0;5
164200;;;INTARIAN_PEPPER_ROOT;XIRECS;12186.0;7
165300;;;ASH_COATED_OSMIUM;XIRECS;9998.0;5
170300;;;INTARIAN_PEPPER_ROOT;XIRECS;12187.0;7
170500;;;INTARIAN_PEPPER_ROOT;XIRECS;12184.0;7
172700;;;ASH_COATED_OSMIUM;XIRECS;10015.0;4
173100;;;ASH_COATED_OSMIUM;XIRECS;10009.0;2
177700;;;ASH_COATED_OSMIUM;XIRECS;9998.0;10
177900;;;INTARIAN_PEPPER_ROOT;XIRECS;12161.0;5
181600;;;ASH_COATED_OSMIUM;XIRECS;9999.0;2
182700;;;ASH_COATED_OSMIUM;XIRECS;9998.0;5
184700;;;ASH_COATED_OSMIUM;XIRECS;10008.0;5
184800;;;ASH_COATED_OSMIUM;XIRECS;9999.0;4
185500;;;INTARIAN_PEPPER_ROOT;XIRECS;12165.0;5
185900;;;ASH_COATED_OSMIUM;XIRECS;10000.0;10
186800;;;ASH_COATED_OSMIUM;XIRECS;9999.0;4
190400;;;ASH_COATED_OSMIUM;XIRECS;10012.0;3
191800;;;INTARIAN_PEPPER_ROOT;XIRECS;12155.0;4
192600;;;ASH_COATED_OSMIUM;XIRECS;9997.0;8
192900;;;ASH_COATED_OSMIUM;XIRECS;10013.0;10
194900;;;INTARIAN_PEPPER_ROOT;XIRECS;12165.0;6
197300;;;ASH_COATED_OSMIUM;XIRECS;9997.0;9
198600;;;INTARIAN_PEPPER_ROOT;XIRECS;12169.0;5
199400;;;INTARIAN_PEPPER_ROOT;XIRECS;12183.0;5
200100;;;ASH_COATED_OSMIUM;XIRECS;9997.0;6
200300;;;ASH_COATED_OSMIUM;XIRECS;9998.0;10
200400;;;ASH_COATED_OSMIUM;XIRECS;10014.0;2
200600;;;ASH_COATED_OSMIUM;XIRECS;10013.0;2
200700;;;ASH_COATED_OSMIUM;XIRECS;10012.0;8
201700;;;ASH_COATED_OSMIUM;XIRECS;9994.0;4
204000;;;INTARIAN_PEPPER_ROOT;XIRECS;12192.0;7
204600;;;INTARIAN_PEPPER_ROOT;XIRECS;12180.0;5
205600;;;ASH_COATED_OSMIUM;XIRECS;9991.0;2
206600;;;ASH_COATED_OSMIUM;XIRECS;9993.0;7
207500;;;INTARIAN_PEPPER_ROOT;XIRECS;12198.0;3
208900;;;ASH_COATED_OSMIUM;XIRECS;9988.0;10
210000;;;ASH_COATED_OSMIUM;XIRECS;9987.0;4
212100;;;INTARIAN_PEPPER_ROOT;XIRECS;12200.0;4
212700;;;ASH_COATED_OSMIUM;XIRECS;9987.0;6
215000;;;INTARIAN_PEPPER_ROOT;XIRECS;12210.0;7
217000;;;INTARIAN_PEPPER_ROOT;XIRECS;12208.0;5
220600;;;INTARIAN_PEPPER_ROOT;XIRECS;12197.0;4
222900;;;ASH_COATED_OSMIUM;XIRECS;10011.0;2
224300;;;INTARIAN_PEPPER_ROOT;XIRECS;12208.0;3
224800;;;ASH_COATED_OSMIUM;XIRECS;10008.0;5
224900;;;ASH_COATED_OSMIUM;XIRECS;10008.0;7
225000;;;INTARIAN_PEPPER_ROOT;XIRECS;12194.0;7
226200;;;ASH_COATED_OSMIUM;XIRECS;9989.0;6
227600;;;ASH_COATED_OSMIUM;XIRECS;9990.0;5
228000;;;ASH_COATED_OSMIUM;XIRECS;9990.0;5
229200;;;ASH_COATED_OSMIUM;XIRECS;10001.0;2
229600;;;ASH_COATED_OSMIUM;XIRECS;10011.0;5
234600;;;INTARIAN_PEPPER_ROOT;XIRECS;12208.0;4
235600;;;ASH_COATED_OSMIUM;XIRECS;9989.0;8
236100;;;ASH_COATED_OSMIUM;XIRECS;9989.0;4
236500;;;ASH_COATED_OSMIUM;XIRECS;9989.0;2
236600;;;ASH_COATED_OSMIUM;XIRECS;9990.0;4
237000;;;ASH_COATED_OSMIUM;XIRECS;10005.0;5
237100;;;ASH_COATED_OSMIUM;XIRECS;9987.0;3
237500;;;INTARIAN_PEPPER_ROOT;XIRECS;12210.0;4
239700;;;INTARIAN_PEPPER_ROOT;XIRECS;12213.0;7
241700;;;ASH_COATED_OSMIUM;XIRECS;9988.0;7
242000;;;INTARIAN_PEPPER_ROOT;XIRECS;12217.0;7
242800;;;ASH_COATED_OSMIUM;XIRECS;10003.0;5
243200;;;ASH_COATED_OSMIUM;XIRECS;10003.0;6
243500;;;INTARIAN_PEPPER_ROOT;XIRECS;12217.0;4
243700;;;ASH_COATED_OSMIUM;XIRECS;10006.0;6
246200;;;ASH_COATED_OSMIUM;XIRECS;9986.0;9
247600;;;ASH_COATED_OSMIUM;XIRECS;9985.0;6
248700;;;INTARIAN_PEPPER_ROOT;XIRECS;12221.0;4
251700;;;ASH_COATED_OSMIUM;XIRECS;9985.0;4
252300;;;ASH_COATED_OSMIUM;XIRECS;10001.0;5
252400;;;ASH_COATED_OSMIUM;XIRECS;10004.0;7
258300;;;ASH_COATED_OSMIUM;XIRECS;10003.0;9
258400;;;ASH_COATED_OSMIUM;XIRECS;10004.0;4
259400;;;ASH_COATED_OSMIUM;XIRECS;9989.0;8
260100;;;INTARIAN_PEPPER_ROOT;XIRECS;12277.0;5
260500;;;ASH_COATED_OSMIUM;XIRECS;10008.0;7
260600;;;ASH_COATED_OSMIUM;XIRECS;10006.0;2
261300;;;ASH_COATED_OSMIUM;XIRECS;9988.0;2
264100;;;INTARIAN_PEPPER_ROOT;XIRECS;12274.0;7
265000;;;ASH_COATED_OSMIUM;XIRECS;9991.0;8
267000;;;ASH_COATED_OSMIUM;XIRECS;9993.0;9
267500;;;INTARIAN_PEPPER_ROOT;XIRECS;12288.0;3
268800;;;ASH_COATED_OSMIUM;XIRECS;10012.0;6
269400;;;ASH_COATED_OSMIUM;XIRECS;9993.0;4
270400;;;ASH_COATED_OSMIUM;XIRECS;10011.0;2
270700;;;INTARIAN_PEPPER_ROOT;XIRECS;12308.0;6
271100;;;INTARIAN_PEPPER_ROOT;XIRECS;12298.0;3
271800;;;ASH_COATED_OSMIUM;XIRECS;10011.0;5
272800;;;ASH_COATED_OSMIUM;XIRECS;10012.0;6
274100;;;INTARIAN_PEPPER_ROOT;XIRECS;12303.0;6
275600;;;ASH_COATED_OSMIUM;XIRECS;10011.0;4
280900;;;ASH_COATED_OSMIUM;XIRECS;9994.0;2
282500;;;ASH_COATED_OSMIUM;XIRECS;9994.0;4
282600;;;INTARIAN_PEPPER_ROOT;XIRECS;12316.0;6
282700;;;ASH_COATED_OSMIUM;XIRECS;10004.0;3
291400;;;ASH_COATED_OSMIUM;XIRECS;9994.0;3
295500;;;ASH_COATED_OSMIUM;XIRECS;10009.0;8
297000;;;ASH_COATED_OSMIUM;XIRECS;10010.0;9
297300;;;ASH_COATED_OSMIUM;XIRECS;10011.0;3
299500;;;ASH_COATED_OSMIUM;XIRECS;9993.0;2
300000;;;INTARIAN_PEPPER_ROOT;XIRECS;12243.0;7
301400;;;INTARIAN_PEPPER_ROOT;XIRECS;12236.0;7
301600;;;ASH_COATED_OSMIUM;XIRECS;9994.0;9
302800;;;ASH_COATED_OSMIUM;XIRECS;10003.0;2
306000;;;INTARIAN_PEPPER_ROOT;XIRECS;12259.0;5
306200;;;ASH_COATED_OSMIUM;XIRECS;9994.0;6
306500;;;ASH_COATED_OSMIUM;XIRECS;10010.0;5
307600;;;ASH_COATED_OSMIUM;XIRECS;9994.0;5
310000;;;ASH_COATED_OSMIUM;XIRECS;10008.0;9
310900;;;ASH_COATED_OSMIUM;XIRECS;10009.0;6
311200;;;INTARIAN_PEPPER_ROOT;XIRECS;12302.0;3
313100;;;ASH_COATED_OSMIUM;XIRECS;9995.0;2
313600;;;ASH_COATED_OSMIUM;XIRECS;10012.0;3
314400;;;INTARIAN_PEPPER_ROOT;XIRECS;12305.0;6
320900;;;ASH_COATED_OSMIUM;XIRECS;10016.0;6
323500;;;ASH_COATED_OSMIUM;XIRECS;9994.0;6
324600;;;ASH_COATED_OSMIUM;XIRECS;9993.0;2
325000;;;ASH_COATED_OSMIUM;XIRECS;10009.0;5
327400;;;INTARIAN_PEPPER_ROOT;XIRECS;12053.0;6
327600;;;INTARIAN_PEPPER_ROOT;XIRECS;12066.0;3
329000;;;ASH_COATED_OSMIUM;XIRECS;9993.0;9
330600;;;ASH_COATED_OSMIUM;XIRECS;9994.0;2
331500;;;INTARIAN_PEPPER_ROOT;XIRECS;12081.0;3
331800;;;ASH_COATED_OSMIUM;XIRECS;10011.0;8
332800;;;ASH_COATED_OSMIUM;XIRECS;10010.0;5
333200;;;INTARIAN_PEPPER_ROOT;XIRECS;12115.0;7
334400;;;INTARIAN_PEPPER_ROOT;XIRECS;12123.0;3
334700;;;INTARIAN_PEPPER_ROOT;XIRECS;12112.0;3
335300;;;INTARIAN_PEPPER_ROOT;XIRECS;12128.0;3
335400;;;INTARIAN_PEPPER_ROOT;XIRECS;12126.0;6
335800;;;ASH_COATED_OSMIUM;XIRECS;9994.0;6
336000;;;ASH_COATED_OSMIUM;XIRECS;9995.0;6
336400;;;ASH_COATED_OSMIUM;XIRECS;10012.0;9
336500;;;INTARIAN_PEPPER_ROOT;XIRECS;12130.0;6
336800;;;ASH_COATED_OSMIUM;XIRECS;9994.0;4
336800;;;INTARIAN_PEPPER_ROOT;XIRECS;12120.0;5
337200;;;ASH_COATED_OSMIUM;XIRECS;9993.0;6
337300;;;ASH_COATED_OSMIUM;XIRECS;9995.0;7
337400;;;INTARIAN_PEPPER_ROOT;XIRECS;12112.0;7
340700;;;ASH_COATED_OSMIUM;XIRECS;10009.0;2
341200;;;ASH_COATED_OSMIUM;XIRECS;9994.0;2
344000;;;INTARIAN_PEPPER_ROOT;XIRECS;11987.0;3
344200;;;ASH_COATED_OSMIUM;XIRECS;9996.0;4
345800;;;ASH_COATED_OSMIUM;XIRECS;9996.0;3
346200;;;ASH_COATED_OSMIUM;XIRECS;9995.0;4
349400;;;ASH_COATED_OSMIUM;XIRECS;10009.0;4
350400;;;ASH_COATED_OSMIUM;XIRECS;10008.0;5
350900;;;INTARIAN_PEPPER_ROOT;XIRECS;11841.0;4
351800;;;ASH_COATED_OSMIUM;XIRECS;10010.0;5
351900;;;INTARIAN_PEPPER_ROOT;XIRECS;11821.0;7
352300;;;INTARIAN_PEPPER_ROOT;XIRECS;11830.0;8
352500;;;INTARIAN_PEPPER_ROOT;XIRECS;11833.0;6
353000;;;ASH_COATED_OSMIUM;XIRECS;9993.0;5
354000;;;INTARIAN_PEPPER_ROOT;XIRECS;11837.0;6
356700;;;ASH_COATED_OSMIUM;XIRECS;10011.0;9
356800;;;INTARIAN_PEPPER_ROOT;XIRECS;11850.0;6
357500;;;ASH_COATED_OSMIUM;XIRECS;9996.0;3
358000;;;INTARIAN_PEPPER_ROOT;XIRECS;11865.0;3
358400;;;ASH_COATED_OSMIUM;XIRECS;10011.0;3
359300;;;ASH_COATED_OSMIUM;XIRECS;9995.0;4
360800;;;INTARIAN_PEPPER_ROOT;XIRECS;11905.0;5
361400;;;ASH_COATED_OSMIUM;XIRECS;9994.0;6
361600;;;INTARIAN_PEPPER_ROOT;XIRECS;11897.0;5
363200;;;ASH_COATED_OSMIUM;XIRECS;10010.0;2
365300;;;ASH_COATED_OSMIUM;XIRECS;9994.0;3
365400;;;INTARIAN_PEPPER_ROOT;XIRECS;11872.0;7
367300;;;INTARIAN_PEPPER_ROOT;XIRECS;11834.0;5
370900;;;INTARIAN_PEPPER_ROOT;XIRECS;11758.0;4
371200;;;INTARIAN_PEPPER_ROOT;XIRECS;11738.0;3
372300;;;INTARIAN_PEPPER_ROOT;XIRECS;11714.0;6
374600;;;INTARIAN_PEPPER_ROOT;XIRECS;11685.0;3
375300;;;ASH_COATED_OSMIUM;XIRECS;9995.0;4
375400;;;ASH_COATED_OSMIUM;XIRECS;10010.0;3
376700;;;INTARIAN_PEPPER_ROOT;XIRECS;11659.0;7
377400;;;ASH_COATED_OSMIUM;XIRECS;9994.0;4
380800;;;INTARIAN_PEPPER_ROOT;XIRECS;11696.0;3
380900;;;ASH_COATED_OSMIUM;XIRECS;9995.0;8
381000;;;ASH_COATED_OSMIUM;XIRECS;10010.0;2
383000;;;ASH_COATED_OSMIUM;XIRECS;10009.0;6
384000;;;ASH_COATED_OSMIUM;XIRECS;9990.0;4
389800;;;ASH_COATED_OSMIUM;XIRECS;10009.0;10
389900;;;ASH_COATED_OSMIUM;XIRECS;9990.0;7
390400;;;ASH_COATED_OSMIUM;XIRECS;9993.0;9
391100;;;ASH_COATED_OSMIUM;XIRECS;9992.0;4
392300;;;ASH_COATED_OSMIUM;XIRECS;10010.0;5
399100;;;INTARIAN_PEPPER_ROOT;XIRECS;11513.0;3
401000;;;INTARIAN_PEPPER_ROOT;XIRECS;11492.0;8
401700;;;ASH_COATED_OSMIUM;XIRECS;10012.0;9
402400;;;ASH_COATED_OSMIUM;XIRECS;9994.0;5
405200;;;ASH_COATED_OSMIUM;XIRECS;9992.0;2
407400;;;ASH_COATED_OSMIUM;XIRECS;10010.0;8
412600;;;ASH_COATED_OSMIUM;XIRECS;9992.0;4
414000;;;ASH_COATED_OSMIUM;XIRECS;10010.0;6
415200;;;INTARIAN_PEPPER_ROOT;XIRECS;11565.0;6
415800;;;ASH_COATED_OSMIUM;XIRECS;9994.0;6
416100;;;ASH_COATED_OSMIUM;XIRECS;9994.0;2
419000;;;INTARIAN_PEPPER_ROOT;XIRECS;11474.0;6
419200;;;INTARIAN_PEPPER_ROOT;XIRECS;11482.0;4
420300;;;INTARIAN_PEPPER_ROOT;XIRECS;11442.0;7
423300;;;INTARIAN_PEPPER_ROOT;XIRECS;11376.0;6
424700;;;ASH_COATED_OSMIUM;XIRECS;9990.0;6
424900;;;INTARIAN_PEPPER_ROOT;XIRECS;11366.0;7
425200;;;ASH_COATED_OSMIUM;XIRECS;10006.0;6
425800;;;ASH_COATED_OSMIUM;XIRECS;9990.0;7
427600;;;INTARIAN_PEPPER_ROOT;XIRECS;11340.0;7
430100;;;ASH_COATED_OSMIUM;XIRECS;10007.0;4
432100;;;INTARIAN_PEPPER_ROOT;XIRECS;11389.0;8
432800;;;ASH_COATED_OSMIUM;XIRECS;9991.0;6
433700;;;ASH_COATED_OSMIUM;XIRECS;9990.0;6
435400;;;ASH_COATED_OSMIUM;XIRECS;9989.0;3
436100;;;INTARIAN_PEPPER_ROOT;XIRECS;11447.0;5
437600;;;INTARIAN_PEPPER_ROOT;XIRECS;11441.0;3
439100;;;ASH_COATED_OSMIUM;XIRECS;10008.0;5
439800;;;ASH_COATED_OSMIUM;XIRECS;10011.0;7
440300;;;ASH_COATED_OSMIUM;XIRECS;10008.0;3
440700;;;ASH_COATED_OSMIUM;XIRECS;9991.0;2
440800;;;INTARIAN_PEPPER_ROOT;XIRECS;11420.0;4
442100;;;ASH_COATED_OSMIUM;XIRECS;10003.0;4
442700;;;ASH_COATED_OSMIUM;XIRECS;10010.0;6
443000;;;ASH_COATED_OSMIUM;XIRECS;10010.0;4
444200;;;ASH_COATED_OSMIUM;XIRECS;10010.0;10
445000;;;ASH_COATED_OSMIUM;XIRECS;10010.0;8
447800;;;INTARIAN_PEPPER_ROOT;XIRECS;11265.0;5
449100;;;ASH_COATED_OSMIUM;XIRECS;9995.0;8
450800;;;ASH_COATED_OSMIUM;XIRECS;10001.0;3
451800;;;ASH_COATED_OSMIUM;XIRECS;9996.0;5
452300;;;ASH_COATED_OSMIUM;XIRECS;10012.0;7
453000;;;INTARIAN_PEPPER_ROOT;XIRECS;11224.0;3
453400;;;ASH_COATED_OSMIUM;XIRECS;9998.0;6
453700;;;ASH_COATED_OSMIUM;XIRECS;10008.0;3
453800;;;INTARIAN_PEPPER_ROOT;XIRECS;11227.0;7
456000;;;ASH_COATED_OSMIUM;XIRECS;10015.0;4
456100;;;INTARIAN_PEPPER_ROOT;XIRECS;11259.0;6
457000;;;INTARIAN_PEPPER_ROOT;XIRECS;11277.0;6
457600;;;INTARIAN_PEPPER_ROOT;XIRECS;11303.0;3
458400;;;ASH_COATED_OSMIUM;XIRECS;10014.0;6
458700;;;INTARIAN_PEPPER_ROOT;XIRECS;11334.0;7
459600;;;INTARIAN_PEPPER_ROOT;XIRECS;11335.0;6
461900;;;INTARIAN_PEPPER_ROOT;XIRECS;11384.0;5
463900;;;ASH_COATED_OSMIUM;XIRECS;10013.0;6
464300;;;INTARIAN_PEPPER_ROOT;XIRECS;11398.0;3
465500;;;ASH_COATED_OSMIUM;XIRECS;10013.0;6
466000;;;INTARIAN_PEPPER_ROOT;XIRECS;11380.0;3
467300;;;INTARIAN_PEPPER_ROOT;XIRECS;11364.0;3
467800;;;ASH_COATED_OSMIUM;XIRECS;10007.0;2
467800;;;ASH_COATED_OSMIUM;XIRECS;10014.0;5
468100;;;ASH_COATED_OSMIUM;XIRECS;9995.0;8
469000;;;INTARIAN_PEPPER_ROOT;XIRECS;11338.0;6
471900;;;ASH_COATED_OSMIUM;XIRECS;10014.0;6
472200;;;ASH_COATED_OSMIUM;XIRECS;9997.0;3
473000;;;INTARIAN_PEPPER_ROOT;XIRECS;11282.0;4
473600;;;INTARIAN_PEPPER_ROOT;XIRECS;11265.0;5
474000;;;INTARIAN_PEPPER_ROOT;XIRECS;11271.0;5
476400;;;ASH_COATED_OSMIUM;XIRECS;10008.0;5
477200;;;ASH_COATED_OSMIUM;XIRECS;9991.0;6
477600;;;INTARIAN_PEPPER_ROOT;XIRECS;11273.0;5
478500;;;ASH_COATED_OSMIUM;XIRECS;9991.0;3
478600;;;ASH_COATED_OSMIUM;XIRECS;9991.0;6
479600;;;ASH_COATED_OSMIUM;XIRECS;9991.0;2
482100;;;INTARIAN_PEPPER_ROOT;XIRECS;11337.0;5
482600;;;ASH_COATED_OSMIUM;XIRECS;9989.0;5
482700;;;ASH_COATED_OSMIUM;XIRECS;9989.0;5
487200;;;ASH_COATED_OSMIUM;XIRECS;10008.0;3
487500;;;ASH_COATED_OSMIUM;XIRECS;9990.0;4
487700;;;ASH_COATED_OSMIUM;XIRECS;9990.0;5
489400;;;INTARIAN_PEPPER_ROOT;XIRECS;11459.0;3
489700;;;ASH_COATED_OSMIUM;XIRECS;10013.0;7
490300;;;INTARIAN_PEPPER_ROOT;XIRECS;11459.0;5
493800;;;INTARIAN_PEPPER_ROOT;XIRECS;11424.0;4
494300;;;ASH_COATED_OSMIUM;XIRECS;10010.0;3
495800;;;INTARIAN_PEPPER_ROOT;XIRECS;11391.0;4
498900;;;ASH_COATED_OSMIUM;XIRECS;9992.0;8
500000;;;ASH_COATED_OSMIUM;XIRECS;9990.0;4
500000;;;INTARIAN_PEPPER_ROOT;XIRECS;11345.0;3
501300;;;INTARIAN_PEPPER_ROOT;XIRECS;11341.0;7
502100;;;ASH_COATED_OSMIUM;XIRECS;9991.0;4
502700;;;ASH_COATED_OSMIUM;XIRECS;10007.0;2
503100;;;ASH_COATED_OSMIUM;XIRECS;9996.0;3
503300;;;INTARIAN_PEPPER_ROOT;XIRECS;11341.0;6
507800;;;INTARIAN_PEPPER_ROOT;XIRECS;11415.0;3
509700;;;INTARIAN_PEPPER_ROOT;XIRECS;11454.0;7
511000;;;ASH_COATED_OSMIUM;XIRECS;9997.0;4
511700;;;ASH_COATED_OSMIUM;XIRECS;10014.0;6
512500;;;ASH_COATED_OSMIUM;XIRECS;10014.0;4
512800;;;ASH_COATED_OSMIUM;XIRECS;9996.0;7
512800;;;INTARIAN_PEPPER_ROOT;XIRECS;11511.0;5
514300;;;ASH_COATED_OSMIUM;XIRECS;9995.0;5
516100;;;ASH_COATED_OSMIUM;XIRECS;10013.0;5
517200;;;ASH_COATED_OSMIUM;XIRECS;10012.0;5
519200;;;INTARIAN_PEPPER_ROOT;XIRECS;11468.0;7
520100;;;ASH_COATED_OSMIUM;XIRECS;10015.0;6
520700;;;INTARIAN_PEPPER_ROOT;XIRECS;11427.0;5
521600;;;INTARIAN_PEPPER_ROOT;XIRECS;11411.0;5
521800;;;ASH_COATED_OSMIUM;XIRECS;9996.0;4
522500;;;ASH_COATED_OSMIUM;XIRECS;10008.0;5
525700;;;ASH_COATED_OSMIUM;XIRECS;9997.0;4
531600;;;INTARIAN_PEPPER_ROOT;XIRECS;11430.0;4
532300;;;ASH_COATED_OSMIUM;XIRECS;9998.0;3
536100;;;ASH_COATED_OSMIUM;XIRECS;10003.0;6
536700;;;INTARIAN_PEPPER_ROOT;XIRECS;11557.0;3
537200;;;ASH_COATED_OSMIUM;XIRECS;10019.0;3
539900;;;INTARIAN_PEPPER_ROOT;XIRECS;11576.0;6
540100;;;ASH_COATED_OSMIUM;XIRECS;10020.0;2
544700;;;INTARIAN_PEPPER_ROOT;XIRECS;11552.0;8
545100;;;INTARIAN_PEPPER_ROOT;XIRECS;11550.0;7
547300;;;ASH_COATED_OSMIUM;XIRECS;10005.0;9
552900;;;ASH_COATED_OSMIUM;XIRECS;10005.0;10
554400;;;ASH_COATED_OSMIUM;XIRECS;10004.0;10
555700;;;INTARIAN_PEPPER_ROOT;XIRECS;11532.0;7
556000;;;INTARIAN_PEPPER_ROOT;XIRECS;11536.0;3
556700;;;ASH_COATED_OSMIUM;XIRECS;10005.0;2
556700;;;INTARIAN_PEPPER_ROOT;XIRECS;11554.0;8
556800;;;INTARIAN_PEPPER_ROOT;XIRECS;11568.0;3
557700;;;ASH_COATED_OSMIUM;XIRECS;10003.0;8
560300;;;ASH_COATED_OSMIUM;XIRECS;10019.0;6
561300;;;INTARIAN_PEPPER_ROOT;XIRECS;11657.0;3
563700;;;ASH_COATED_OSMIUM;XIRECS;10016.0;3
564900;;;INTARIAN_PEPPER_ROOT;XIRECS;11693.0;6
566100;;;INTARIAN_PEPPER_ROOT;XIRECS;11691.0;3
566600;;;ASH_COATED_OSMIUM;XIRECS;10018.0;7
566700;;;INTARIAN_PEPPER_ROOT;XIRECS;11685.0;3
567300;;;ASH_COATED_OSMIUM;XIRECS;10002.0;10
570000;;;INTARIAN_PEPPER_ROOT;XIRECS;11655.0;5
573000;;;ASH_COATED_OSMIUM;XIRECS;10016.0;3
573500;;;INTARIAN_PEPPER_ROOT;XIRECS;11587.0;5
574000;;;ASH_COATED_OSMIUM;XIRECS;10001.0;2
574100;;;ASH_COATED_OSMIUM;XIRECS;10017.0;5
574300;;;ASH_COATED_OSMIUM;XIRECS;10001.0;3
579600;;;INTARIAN_PEPPER_ROOT;XIRECS;11606.0;7
579800;;;INTARIAN_PEPPER_ROOT;XIRECS;11606.0;7
580300;;;INTARIAN_PEPPER_ROOT;XIRECS;11601.0;7
582300;;;INTARIAN_PEPPER_ROOT;XIRECS;11643.0;5
583900;;;ASH_COATED_OSMIUM;XIRECS;10014.0;7
584000;;;ASH_COATED_OSMIUM;XIRECS;10013.0;8
584400;;;INTARIAN_PEPPER_ROOT;XIRECS;11705.0;4
585300;;;INTARIAN_PEPPER_ROOT;XIRECS;11713.0;5
590100;;;ASH_COATED_OSMIUM;XIRECS;10012.0;3
590400;;;INTARIAN_PEPPER_ROOT;XIRECS;11794.0;3
593800;;;INTARIAN_PEPPER_ROOT;XIRECS;11771.0;3
594800;;;ASH_COATED_OSMIUM;XIRECS;10013.0;2
600500;;;INTARIAN_PEPPER_ROOT;XIRECS;11679.0;6
600600;;;ASH_COATED_OSMIUM;XIRECS;9993.0;6
602900;;;ASH_COATED_OSMIUM;XIRECS;10002.0;2
605900;;;INTARIAN_PEPPER_ROOT;XIRECS;11730.0;3
607200;;;ASH_COATED_OSMIUM;XIRECS;9996.0;3
607600;;;ASH_COATED_OSMIUM;XIRECS;10012.0;5
610500;;;INTARIAN_PEPPER_ROOT;XIRECS;11837.0;5
611400;;;ASH_COATED_OSMIUM;XIRECS;9993.0;6
611700;;;ASH_COATED_OSMIUM;XIRECS;9993.0;5
612000;;;ASH_COATED_OSMIUM;XIRECS;10001.0;2
612300;;;INTARIAN_PEPPER_ROOT;XIRECS;11872.0;8
615600;;;ASH_COATED_OSMIUM;XIRECS;10009.0;5
619500;;;INTARIAN_PEPPER_ROOT;XIRECS;11866.0;7
620700;;;ASH_COATED_OSMIUM;XIRECS;10011.0;8
622700;;;ASH_COATED_OSMIUM;XIRECS;10016.0;4
623400;;;INTARIAN_PEPPER_ROOT;XIRECS;11800.0;6
624500;;;ASH_COATED_OSMIUM;XIRECS;9995.0;6
628900;;;ASH_COATED_OSMIUM;XIRECS;10008.0;6
629200;;;INTARIAN_PEPPER_ROOT;XIRECS;11761.0;4
631100;;;INTARIAN_PEPPER_ROOT;XIRECS;11787.0;6
632100;;;ASH_COATED_OSMIUM;XIRECS;10009.0;5
634000;;;ASH_COATED_OSMIUM;XIRECS;9995.0;2
634400;;;INTARIAN_PEPPER_ROOT;XIRECS;11863.0;5
634500;;;INTARIAN_PEPPER_ROOT;XIRECS;11871.0;6
636500;;;INTARIAN_PEPPER_ROOT;XIRECS;11892.0;5
637100;;;INTARIAN_PEPPER_ROOT;XIRECS;11918.0;6
639000;;;INTARIAN_PEPPER_ROOT;XIRECS;11934.0;4
639100;;;ASH_COATED_OSMIUM;XIRECS;10012.0;8
639300;;;INTARIAN_PEPPER_ROOT;XIRECS;11922.0;3
640000;;;INTARIAN_PEPPER_ROOT;XIRECS;11924.0;4
640200;;;INTARIAN_PEPPER_ROOT;XIRECS;11938.0;6
640400;;;ASH_COATED_OSMIUM;XIRECS;9996.0;4
641500;;;INTARIAN_PEPPER_ROOT;XIRECS;11931.0;5
641800;;;ASH_COATED_OSMIUM;XIRECS;10012.0;5
642300;;;INTARIAN_PEPPER_ROOT;XIRECS;11931.0;4
642700;;;ASH_COATED_OSMIUM;XIRECS;10015.0;6
643100;;;INTARIAN_PEPPER_ROOT;XIRECS;11906.0;5
644100;;;ASH_COATED_OSMIUM;XIRECS;10011.0;6
645400;;;ASH_COATED_OSMIUM;XIRECS;9995.0;2
645700;;;ASH_COATED_OSMIUM;XIRECS;10011.0;8
646000;;;INTARIAN_PEPPER_ROOT;XIRECS;11875.0;4
647300;;;ASH_COATED_OSMIUM;XIRECS;10014.0;5
650200;;;INTARIAN_PEPPER_ROOT;XIRECS;11812.0;6
650400;;;ASH_COATED_OSMIUM;XIRECS;9993.0;4
653200;;;INTARIAN_PEPPER_ROOT;XIRECS;11818.0;6
653900;;;ASH_COATED_OSMIUM;XIRECS;9991.0;6
654800;;;ASH_COATED_OSMIUM;XIRECS;9991.0;6
655900;;;ASH_COATED_OSMIUM;XIRECS;9991.0;3
656600;;;INTARIAN_PEPPER_ROOT;XIRECS;11864.0;6
656900;;;ASH_COATED_OSMIUM;XIRECS;9990.0;10
658000;;;ASH_COATED_OSMIUM;XIRECS;9991.0;3
658300;;;ASH_COATED_OSMIUM;XIRECS;10006.0;2
658400;;;ASH_COATED_OSMIUM;XIRECS;10006.0;9
660200;;;ASH_COATED_OSMIUM;XIRECS;10003.0;4
660600;;;INTARIAN_PEPPER_ROOT;XIRECS;11942.0;3
666100;;;INTARIAN_PEPPER_ROOT;XIRECS;12019.0;4
666400;;;ASH_COATED_OSMIUM;XIRECS;9982.0;4
666800;;;ASH_COATED_OSMIUM;XIRECS;9981.0;5
668000;;;ASH_COATED_OSMIUM;XIRECS;10000.0;2
668400;;;INTARIAN_PEPPER_ROOT;XIRECS;11999.0;4
670000;;;INTARIAN_PEPPER_ROOT;XIRECS;11976.0;7
672400;;;INTARIAN_PEPPER_ROOT;XIRECS;11917.0;3
673600;;;ASH_COATED_OSMIUM;XIRECS;9990.0;10
673600;;;INTARIAN_PEPPER_ROOT;XIRECS;11911.0;6
676800;;;ASH_COATED_OSMIUM;XIRECS;9987.0;4
677100;;;ASH_COATED_OSMIUM;XIRECS;9985.0;2
677700;;;INTARIAN_PEPPER_ROOT;XIRECS;11871.0;4
678000;;;INTARIAN_PEPPER_ROOT;XIRECS;11872.0;3
679200;;;ASH_COATED_OSMIUM;XIRECS;10002.0;5
681200;;;ASH_COATED_OSMIUM;XIRECS;10002.0;9
681900;;;ASH_COATED_OSMIUM;XIRECS;9992.0;3
681900;;;INTARIAN_PEPPER_ROOT;XIRECS;11933.0;7
682900;;;ASH_COATED_OSMIUM;XIRECS;10003.0;4
683100;;;INTARIAN_PEPPER_ROOT;XIRECS;11957.0;4
685400;;;ASH_COATED_OSMIUM;XIRECS;10001.0;7
687500;;;INTARIAN_PEPPER_ROOT;XIRECS;12028.0;4
687700;;;INTARIAN_PEPPER_ROOT;XIRECS;12032.0;7
688200;;;INTARIAN_PEPPER_ROOT;XIRECS;12053.0;3
689500;;;ASH_COATED_OSMIUM;XIRECS;10002.0;6
690100;;;INTARIAN_PEPPER_ROOT;XIRECS;12066.0;6
690300;;;ASH_COATED_OSMIUM;XIRECS;9984.0;5
690400;;;INTARIAN_PEPPER_ROOT;XIRECS;12046.0;3
690500;;;INTARIAN_PEPPER_ROOT;XIRECS;12063.0;3
690600;;;INTARIAN_PEPPER_ROOT;XIRECS;12060.0;5
690800;;;ASH_COATED_OSMIUM;XIRECS;9983.0;4
691800;;;INTARIAN_PEPPER_ROOT;XIRECS;12046.0;7
692200;;;INTARIAN_PEPPER_ROOT;XIRECS;12040.0;4
699700;;;ASH_COATED_OSMIUM;XIRECS;9990.0;4
699900;;;ASH_COATED_OSMIUM;XIRECS;9997.0;6
700300;;;ASH_COATED_OSMIUM;XIRECS;9997.0;6
700400;;;ASH_COATED_OSMIUM;XIRECS;9981.0;3
701000;;;INTARIAN_PEPPER_ROOT;XIRECS;11931.0;4
702100;;;INTARIAN_PEPPER_ROOT;XIRECS;11940.0;7
703000;;;INTARIAN_PEPPER_ROOT;XIRECS;11929.0;5
703100;;;ASH_COATED_OSMIUM;XIRECS;9983.0;4
703900;;;ASH_COATED_OSMIUM;XIRECS;9984.0;2
705400;;;ASH_COATED_OSMIUM;XIRECS;9984.0;7
707800;;;ASH_COATED_OSMIUM;XIRECS;9982.0;5
708700;;;ASH_COATED_OSMIUM;XIRECS;9982.0;6
708800;;;INTARIAN_PEPPER_ROOT;XIRECS;12048.0;4
710200;;;ASH_COATED_OSMIUM;XIRECS;10000.0;8
712100;;;ASH_COATED_OSMIUM;XIRECS;9997.0;5
714900;;;ASH_COATED_OSMIUM;XIRECS;9985.0;5
717400;;;INTARIAN_PEPPER_ROOT;XIRECS;12171.0;4
720400;;;ASH_COATED_OSMIUM;XIRECS;9996.0;4
722300;;;INTARIAN_PEPPER_ROOT;XIRECS;12112.0;4
723100;;;ASH_COATED_OSMIUM;XIRECS;9979.0;6
724700;;;INTARIAN_PEPPER_ROOT;XIRECS;12086.0;4
725700;;;ASH_COATED_OSMIUM;XIRECS;9980.0;8
726200;;;ASH_COATED_OSMIUM;XIRECS;9981.0;5
727400;;;INTARIAN_PEPPER_ROOT;XIRECS;12074.0;6
727600;;;INTARIAN_PEPPER_ROOT;XIRECS;12075.0;3
728600;;;INTARIAN_PEPPER_ROOT;XIRECS;12067.0;5
729100;;;ASH_COATED_OSMIUM;XIRECS;9999.0;8
729300;;;ASH_COATED_OSMIUM;XIRECS;9984.0;5
730400;;;ASH_COATED_OSMIUM;XIRECS;9999.0;6
730500;;;ASH_COATED_OSMIUM;XIRECS;9980.0;5
731200;;;ASH_COATED_OSMIUM;XIRECS;9999.0;9
733700;;;INTARIAN_PEPPER_ROOT;XIRECS;12173.0;3
734800;;;ASH_COATED_OSMIUM;XIRECS;10001.0;5
734900;;;ASH_COATED_OSMIUM;XIRECS;9985.0;5
736500;;;ASH_COATED_OSMIUM;XIRECS;9999.0;5
737500;;;INTARIAN_PEPPER_ROOT;XIRECS;12246.0;3
739200;;;ASH_COATED_OSMIUM;XIRECS;9999.0;6
739500;;;ASH_COATED_OSMIUM;XIRECS;9981.0;10
742000;;;ASH_COATED_OSMIUM;XIRECS;10000.0;5
742000;;;INTARIAN_PEPPER_ROOT;XIRECS;12265.0;8
743500;;;ASH_COATED_OSMIUM;XIRECS;9984.0;4
745200;;;ASH_COATED_OSMIUM;XIRECS;9985.0;6
745700;;;ASH_COATED_OSMIUM;XIRECS;9985.0;4
746100;;;ASH_COATED_OSMIUM;XIRECS;10001.0;8
750200;;;ASH_COATED_OSMIUM;XIRECS;9995.0;4
751900;;;ASH_COATED_OSMIUM;XIRECS;10005.0;4
753100;;;INTARIAN_PEPPER_ROOT;XIRECS;12153.0;7
753700;;;ASH_COATED_OSMIUM;XIRECS;9998.0;3
754000;;;ASH_COATED_OSMIUM;XIRECS;10005.0;5
755500;;;ASH_COATED_OSMIUM;XIRECS;10005.0;4
755700;;;INTARIAN_PEPPER_ROOT;XIRECS;12165.0;7
755900;;;INTARIAN_PEPPER_ROOT;XIRECS;12185.0;3
756200;;;ASH_COATED_OSMIUM;XIRECS;9989.0;6
756600;;;ASH_COATED_OSMIUM;XIRECS;9990.0;9
756900;;;ASH_COATED_OSMIUM;XIRECS;9990.0;5
757200;;;ASH_COATED_OSMIUM;XIRECS;9990.0;9
758300;;;ASH_COATED_OSMIUM;XIRECS;9988.0;6
761800;;;INTARIAN_PEPPER_ROOT;XIRECS;12301.0;7
763200;;;INTARIAN_PEPPER_ROOT;XIRECS;12338.0;4
763700;;;ASH_COATED_OSMIUM;XIRECS;9987.0;6
763800;;;INTARIAN_PEPPER_ROOT;XIRECS;12347.0;6
763900;;;ASH_COATED_OSMIUM;XIRECS;9989.0;8
764500;;;INTARIAN_PEPPER_ROOT;XIRECS;12342.0;5
766000;;;INTARIAN_PEPPER_ROOT;XIRECS;12361.0;4
767000;;;ASH_COATED_OSMIUM;XIRECS;10006.0;9
770300;;;INTARIAN_PEPPER_ROOT;XIRECS;12321.0;4
775000;;;ASH_COATED_OSMIUM;XIRECS;9996.0;4
775500;;;INTARIAN_PEPPER_ROOT;XIRECS;12262.0;7
777000;;;INTARIAN_PEPPER_ROOT;XIRECS;12244.0;6
777200;;;ASH_COATED_OSMIUM;XIRECS;10007.0;10
777200;;;INTARIAN_PEPPER_ROOT;XIRECS;12241.0;5
779900;;;ASH_COATED_OSMIUM;XIRECS;10005.0;2
782500;;;ASH_COATED_OSMIUM;XIRECS;10008.0;7
785300;;;INTARIAN_PEPPER_ROOT;XIRECS;12361.0;3
787000;;;INTARIAN_PEPPER_ROOT;XIRECS;12409.0;6
787500;;;INTARIAN_PEPPER_ROOT;XIRECS;12404.0;4
788000;;;ASH_COATED_OSMIUM;XIRECS;10008.0;5
789500;;;ASH_COATED_OSMIUM;XIRECS;9989.0;2
791700;;;ASH_COATED_OSMIUM;XIRECS;9989.0;5
792300;;;ASH_COATED_OSMIUM;XIRECS;10005.0;10
793700;;;ASH_COATED_OSMIUM;XIRECS;10005.0;10
793900;;;INTARIAN_PEPPER_ROOT;XIRECS;12430.0;4
796100;;;INTARIAN_PEPPER_ROOT;XIRECS;12389.0;5
796300;;;ASH_COATED_OSMIUM;XIRECS;9987.0;4
796500;;;INTARIAN_PEPPER_ROOT;XIRECS;12372.0;5
796600;;;INTARIAN_PEPPER_ROOT;XIRECS;12380.0;7
798600;;;INTARIAN_PEPPER_ROOT;XIRECS;12345.0;5
802000;;;ASH_COATED_OSMIUM;XIRECS;9997.0;5
802400;;;ASH_COATED_OSMIUM;XIRECS;9994.0;3
803100;;;ASH_COATED_OSMIUM;XIRECS;10006.0;5
805000;;;ASH_COATED_OSMIUM;XIRECS;10006.0;6
805800;;;ASH_COATED_OSMIUM;XIRECS;9991.0;2
806300;;;INTARIAN_PEPPER_ROOT;XIRECS;12308.0;7
806400;;;INTARIAN_PEPPER_ROOT;XIRECS;12327.0;3
810500;;;ASH_COATED_OSMIUM;XIRECS;10014.0;2
811900;;;INTARIAN_PEPPER_ROOT;XIRECS;12415.0;6
813200;;;INTARIAN_PEPPER_ROOT;XIRECS;12436.0;3
815400;;;ASH_COATED_OSMIUM;XIRECS;10010.0;4
815900;;;INTARIAN_PEPPER_ROOT;XIRECS;12472.0;3
821100;;;ASH_COATED_OSMIUM;XIRECS;10011.0;8
823200;;;ASH_COATED_OSMIUM;XIRECS;10004.0;5
823500;;;INTARIAN_PEPPER_ROOT;XIRECS;12389.0;8
825200;;;INTARIAN_PEPPER_ROOT;XIRECS;12367.0;4
825700;;;INTARIAN_PEPPER_ROOT;XIRECS;12362.0;6
829800;;;INTARIAN_PEPPER_ROOT;XIRECS;12353.0;7
832700;;;ASH_COATED_OSMIUM;XIRECS;9997.0;5
833300;;;INTARIAN_PEPPER_ROOT;XIRECS;12414.0;7
833400;;;INTARIAN_PEPPER_ROOT;XIRECS;12416.0;3
835700;;;ASH_COATED_OSMIUM;XIRECS;10016.0;8
836800;;;ASH_COATED_OSMIUM;XIRECS;9999.0;7
837300;;;INTARIAN_PEPPER_ROOT;XIRECS;12522.0;3
839500;;;ASH_COATED_OSMIUM;XIRECS;10015.0;4
839500;;;INTARIAN_PEPPER_ROOT;XIRECS;12556.0;6
840900;;;INTARIAN_PEPPER_ROOT;XIRECS;12555.0;8
841500;;;ASH_COATED_OSMIUM;XIRECS;9996.0;6
842800;;;ASH_COATED_OSMIUM;XIRECS;10013.0;5
842900;;;INTARIAN_PEPPER_ROOT;XIRECS;12549.0;3
843100;;;ASH_COATED_OSMIUM;XIRECS;9997.0;5
843200;;;ASH_COATED_OSMIUM;XIRECS;9997.0;4
844300;;;INTARIAN_PEPPER_ROOT;XIRECS;12547.0;7
844800;;;INTARIAN_PEPPER_ROOT;XIRECS;12532.0;5
845100;;;ASH_COATED_OSMIUM;XIRECS;10013.0;3
845400;;;ASH_COATED_OSMIUM;XIRECS;10013.0;3
845400;;;INTARIAN_PEPPER_ROOT;XIRECS;12524.0;7
846200;;;INTARIAN_PEPPER_ROOT;XIRECS;12508.0;4
846700;;;ASH_COATED_OSMIUM;XIRECS;10016.0;2
846700;;;INTARIAN_PEPPER_ROOT;XIRECS;12517.0;6
847200;;;INTARIAN_PEPPER_ROOT;XIRECS;12505.0;5
847500;;;ASH_COATED_OSMIUM;XIRECS;10014.0;8
847800;;;ASH_COATED_OSMIUM;XIRECS;9998.0;7
848300;;;ASH_COATED_OSMIUM;XIRECS;9995.0;5
852100;;;ASH_COATED_OSMIUM;XIRECS;9999.0;3
852300;;;ASH_COATED_OSMIUM;XIRECS;9998.0;3
854300;;;INTARIAN_PEPPER_ROOT;XIRECS;12440.0;3
857700;;;INTARIAN_PEPPER_ROOT;XIRECS;12471.0;4
858500;;;INTARIAN_PEPPER_ROOT;XIRECS;12488.0;6
859500;;;ASH_COATED_OSMIUM;XIRECS;9992.0;4
861000;;;INTARIAN_PEPPER_ROOT;XIRECS;12545.0;4
861600;;;ASH_COATED_OSMIUM;XIRECS;9999.0;2
861900;;;INTARIAN_PEPPER_ROOT;XIRECS;12561.0;7
864800;;;ASH_COATED_OSMIUM;XIRECS;10006.0;8
865000;;;ASH_COATED_OSMIUM;XIRECS;9990.0;6
867600;;;ASH_COATED_OSMIUM;XIRECS;9991.0;3
870000;;;INTARIAN_PEPPER_ROOT;XIRECS;12610.0;7
870700;;;ASH_COATED_OSMIUM;XIRECS;10007.0;5
871300;;;ASH_COATED_OSMIUM;XIRECS;9990.0;2
871500;;;ASH_COATED_OSMIUM;XIRECS;10007.0;2
874000;;;ASH_COATED_OSMIUM;XIRECS;9992.0;5
875400;;;ASH_COATED_OSMIUM;XIRECS;9990.0;5
875800;;;INTARIAN_PEPPER_ROOT;XIRECS;12514.0;3
877900;;;ASH_COATED_OSMIUM;XIRECS;9991.0;7
878000;;;ASH_COATED_OSMIUM;XIRECS;10007.0;5
878000;;;INTARIAN_PEPPER_ROOT;XIRECS;12510.0;4
880600;;;ASH_COATED_OSMIUM;XIRECS;9992.0;4
881200;;;INTARIAN_PEPPER_ROOT;XIRECS;12551.0;4
883700;;;INTARIAN_PEPPER_ROOT;XIRECS;12595.0;5
886000;;;INTARIAN_PEPPER_ROOT;XIRECS;12664.0;3
887000;;;INTARIAN_PEPPER_ROOT;XIRECS;12688.0;4
887700;;;ASH_COATED_OSMIUM;XIRECS;10005.0;6
887900;;;INTARIAN_PEPPER_ROOT;XIRECS;12695.0;4
889300;;;INTARIAN_PEPPER_ROOT;XIRECS;12737.0;4
891200;;;INTARIAN_PEPPER_ROOT;XIRECS;12761.0;7
891400;;;INTARIAN_PEPPER_ROOT;XIRECS;12755.0;4
892900;;;ASH_COATED_OSMIUM;XIRECS;10006.0;8
893000;;;ASH_COATED_OSMIUM;XIRECS;9987.0;4
898100;;;INTARIAN_PEPPER_ROOT;XIRECS;12690.0;8
899200;;;ASH_COATED_OSMIUM;XIRECS;10011.0;5
899500;;;INTARIAN_PEPPER_ROOT;XIRECS;12680.0;6
901500;;;ASH_COATED_OSMIUM;XIRECS;10008.0;8
904500;;;ASH_COATED_OSMIUM;XIRECS;10011.0;3
904900;;;ASH_COATED_OSMIUM;XIRECS;9992.0;4
905000;;;ASH_COATED_OSMIUM;XIRECS;9995.0;10
905100;;;INTARIAN_PEPPER_ROOT;XIRECS;12663.0;5
905700;;;ASH_COATED_OSMIUM;XIRECS;10014.0;5
907600;;;INTARIAN_PEPPER_ROOT;XIRECS;12699.0;6
907700;;;INTARIAN_PEPPER_ROOT;XIRECS;12701.0;7
909200;;;ASH_COATED_OSMIUM;XIRECS;9998.0;4
909900;;;ASH_COATED_OSMIUM;XIRECS;10016.0;8
911000;;;ASH_COATED_OSMIUM;XIRECS;10016.0;2
911000;;;INTARIAN_PEPPER_ROOT;XIRECS;12758.0;5
912200;;;ASH_COATED_OSMIUM;XIRECS;10017.0;3
912600;;;INTARIAN_PEPPER_ROOT;XIRECS;12805.0;7
914900;;;INTARIAN_PEPPER_ROOT;XIRECS;12837.0;5
917900;;;ASH_COATED_OSMIUM;XIRECS;10018.0;5
918600;;;INTARIAN_PEPPER_ROOT;XIRECS;12838.0;7
918800;;;ASH_COATED_OSMIUM;XIRECS;9999.0;3
920500;;;ASH_COATED_OSMIUM;XIRECS;10019.0;3
920500;;;INTARIAN_PEPPER_ROOT;XIRECS;12814.0;4
921100;;;INTARIAN_PEPPER_ROOT;XIRECS;12805.0;5
921200;;;ASH_COATED_OSMIUM;XIRECS;10020.0;10
922700;;;INTARIAN_PEPPER_ROOT;XIRECS;12778.0;3
922800;;;INTARIAN_PEPPER_ROOT;XIRECS;12762.0;7
923300;;;ASH_COATED_OSMIUM;XIRECS;10001.0;3
923800;;;ASH_COATED_OSMIUM;XIRECS;10011.0;4
927200;;;INTARIAN_PEPPER_ROOT;XIRECS;12714.0;3
928100;;;ASH_COATED_OSMIUM;XIRECS;9998.0;3
928700;;;ASH_COATED_OSMIUM;XIRECS;9999.0;4
929300;;;ASH_COATED_OSMIUM;XIRECS;10014.0;2
930600;;;ASH_COATED_OSMIUM;XIRECS;9998.0;6
932600;;;ASH_COATED_OSMIUM;XIRECS;10016.0;10
933700;;;INTARIAN_PEPPER_ROOT;XIRECS;12783.0;6
933900;;;ASH_COATED_OSMIUM;XIRECS;10015.0;3
935900;;;ASH_COATED_OSMIUM;XIRECS;9999.0;8
936600;;;INTARIAN_PEPPER_ROOT;XIRECS;12839.0;8
938100;;;INTARIAN_PEPPER_ROOT;XIRECS;12868.0;6
938700;;;ASH_COATED_OSMIUM;XIRECS;10014.0;2
939200;;;ASH_COATED_OSMIUM;XIRECS;10014.0;6
939500;;;ASH_COATED_OSMIUM;XIRECS;10015.0;9
942700;;;INTARIAN_PEPPER_ROOT;XIRECS;12913.0;3
946100;;;ASH_COATED_OSMIUM;XIRECS;9995.0;10
947900;;;INTARIAN_PEPPER_ROOT;XIRECS;12855.0;5
948000;;;INTARIAN_PEPPER_ROOT;XIRECS;12850.0;6
948200;;;INTARIAN_PEPPER_ROOT;XIRECS;12863.0;6
948400;;;ASH_COATED_OSMIUM;XIRECS;10015.0;7
949200;;;ASH_COATED_OSMIUM;XIRECS;10015.0;2
949900;;;INTARIAN_PEPPER_ROOT;XIRECS;12834.0;4
956200;;;ASH_COATED_OSMIUM;XIRECS;10003.0;3
957400;;;INTARIAN_PEPPER_ROOT;XIRECS;12828.0;5
958100;;;INTARIAN_PEPPER_ROOT;XIRECS;12852.0;6
959100;;;INTARIAN_PEPPER_ROOT;XIRECS;12868.0;3
960000;;;ASH_COATED_OSMIUM;XIRECS;10002.0;4
964000;;;ASH_COATED_OSMIUM;XIRECS;10019.0;3
965000;;;INTARIAN_PEPPER_ROOT;XIRECS;12959.0;7
965600;;;INTARIAN_PEPPER_ROOT;XIRECS;12967.0;5
966200;;;INTARIAN_PEPPER_ROOT;XIRECS;12969.0;5
970000;;;INTARIAN_PEPPER_ROOT;XIRECS;12947.0;8
970900;;;ASH_COATED_OSMIUM;XIRECS;10018.0;5
973900;;;INTARIAN_PEPPER_ROOT;XIRECS;12890.0;5
974600;;;ASH_COATED_OSMIUM;XIRECS;10017.0;4
974600;;;INTARIAN_PEPPER_ROOT;XIRECS;12861.0;7
975100;;;ASH_COATED_OSMIUM;XIRECS;10000.0;2
975500;;;ASH_COATED_OSMIUM;XIRECS;10016.0;3
976500;;;ASH_COATED_OSMIUM;XIRECS;10000.0;6
976500;;;INTARIAN_PEPPER_ROOT;XIRECS;12845.0;5
976900;;;INTARIAN_PEPPER_ROOT;XIRECS;12842.0;3
977200;;;INTARIAN_PEPPER_ROOT;XIRECS;12828.0;5
978400;;;INTARIAN_PEPPER_ROOT;XIRECS;12831.0;6
980800;;;ASH_COATED_OSMIUM;XIRECS;10017.0;5
983000;;;INTARIAN_PEPPER_ROOT;XIRECS;12857.0;6
984100;;;ASH_COATED_OSMIUM;XIRECS;10018.0;4
985300;;;ASH_COATED_OSMIUM;XIRECS;9998.0;3
986200;;;ASH_COATED_OSMIUM;XIRECS;10017.0;3
986800;;;ASH_COATED_OSMIUM;XIRECS;9999.0;6
987100;;;ASH_COATED_OSMIUM;XIRECS;10016.0;6
987600;;;INTARIAN_PEPPER_ROOT;XIRECS;12955.0;3
988900;;;ASH_COATED_OSMIUM;XIRECS;9998.0;2
989900;;;INTARIAN_PEPPER_ROOT;XIRECS;12993.0;4
991100;;;INTARIAN_PEPPER_ROOT;XIRECS;13005.0;6
991400;;;ASH_COATED_OSMIUM;XIRECS;10002.0;9
993300;;;ASH_COATED_OSMIUM;XIRECS;10001.0;5
994400;;;INTARIAN_PEPPER_ROOT;XIRECS;13002.0;3
995200;;;ASH_COATED_OSMIUM;XIRECS;10016.0;6
