timestamp;buyer;seller;symbol;currency;price;quantity
0;;;ASH_COATED_OSMIUM;XIRECS;9982.0;6
3600;;;ASH_COATED_OSMIUM;XIRECS;10001.0;3
4200;;;ASH_COATED_OSMIUM;XIRECS;10002.0;2
4400;;;INTARIAN_PEPPER_ROOT;XIRECS;11022.0;5
5000;;;INTARIAN_PEPPER_ROOT;XIRECS;11010.0;5
9100;;;ASH_COATED_OSMIUM;XIRECS;9994.0;4
9600;;;ASH_COATED_OSMIUM;XIRECS;9989.0;6
10000;;;ASH_COATED_OSMIUM;XIRECS;9988.0;8
12100;;;ASH_COATED_OSMIUM;XIRECS;9989.0;5
15100;;;ASH_COATED_OSMIUM;XIRECS;10011.0;2
15100;;;ASH_COATED_OSMIUM;XIRECS;10011.0;8
17400;;;INTARIAN_PEPPER_ROOT;XIRECS;11047.0;3
18500;;;ASH_COATED_OSMIUM;XIRECS;10010.0;6
23000;;;INTARIAN_PEPPER_ROOT;XIRECS;11046.0;4
23100;;;INTARIAN_PEPPER_ROOT;XIRECS;11051.0;4
23900;;;ASH_COATED_OSMIUM;XIRECS;9991.0;4
24300;;;ASH_COATED_OSMIUM;XIRECS;9992.0;4
24600;;;ASH_COATED_OSMIUM;XIRECS;9991.0;3
30400;;;ASH_COATED_OSMIUM;XIRECS;10010.0;2
30400;;;INTARIAN_PEPPER_ROOT;XIRECS;11061.0;6
32800;;;ASH_COATED_OSMIUM;XIRECS;9993.0;4
33300;;;INTARIAN_PEPPER_ROOT;XIRECS;11058.0;7
34000;;;ASH_COATED_OSMIUM;XIRECS;10010.0;7
34400;;;INTARIAN_PEPPER_ROOT;XIRECS;11063.0;3
34500;;;ASH_COATED_OSMIUM;XIRECS;9994.0;8
35700;;;INTARIAN_PEPPER_ROOT;XIRECS;11061.0;7
35700;;;INTARIAN_PEPPER_ROOT;XIRECS;11058.0;3
35800;;;INTARIAN_PEPPER_ROOT;XIRECS;11051.0;7
36500;;;ASH_COATED_OSMIUM;XIRECS;10013.0;3
37900;;;ASH_COATED_OSMIUM;XIRECS;9996.0;4
38400;;;ASH_COATED_OSMIUM;XIRECS;10012.0;3
39100;;;ASH_COATED_OSMIUM;XIRECS;10011.0;6
39900;;;ASH_COATED_OSMIUM;XIRECS;10013.0;7
41500;;;ASH_COATED_OSMIUM;XIRECS;10009.0;5
42800;;;INTARIAN_PEPPER_ROOT;XIRECS;11067.0;5
44700;;;INTARIAN_PEPPER_ROOT;XIRECS;11056.0;8
50900;;;ASH_COATED_OSMIUM;XIRECS;9990.0;5
51400;;;INTARIAN_PEPPER_ROOT;XIRECS;11063.0;4
54600;;;ASH_COATED_OSMIUM;XIRECS;9986.0;6
57000;;;INTARIAN_PEPPER_ROOT;XIRECS;11086.0;4
58400;;;ASH_COATED_OSMIUM;XIRECS;9990.0;3
59500;;;ASH_COATED_OSMIUM;XIRECS;10007.0;2
61700;;;INTARIAN_PEPPER_ROOT;XIRECS;11094.0;6
62000;;;ASH_COATED_OSMIUM;XIRECS;10008.0;6
63700;;;ASH_COATED_OSMIUM;XIRECS;9990.0;2
64300;;;INTARIAN_PEPPER_ROOT;XIRECS;11087.0;3
64900;;;ASH_COATED_OSMIUM;XIRECS;10005.0;4
65300;;;ASH_COATED_OSMIUM;XIRECS;9989.0;2
67600;;;INTARIAN_PEPPER_ROOT;XIRECS;11096.0;4
71500;;;INTARIAN_PEPPER_ROOT;XIRECS;11091.0;4
73700;;;INTARIAN_PEPPER_ROOT;XIRECS;11085.0;4
76300;;;ASH_COATED_OSMIUM;XIRECS;9994.0;6
76500;;;ASH_COATED_OSMIUM;XIRECS;10013.0;8
77200;;;INTARIAN_PEPPER_ROOT;XIRECS;11085.0;3
80200;;;INTARIAN_PEPPER_ROOT;XIRECS;11081.0;5
83000;;;INTARIAN_PEPPER_ROOT;XIRECS;11085.0;6
83700;;;ASH_COATED_OSMIUM;XIRECS;10009.0;2
84400;;;INTARIAN_PEPPER_ROOT;XIRECS;11082.0;5
84600;;;INTARIAN_PEPPER_ROOT;XIRECS;11086.0;6
84800;;;INTARIAN_PEPPER_ROOT;XIRECS;11082.0;5
85500;;;ASH_COATED_OSMIUM;XIRECS;9995.0;7
85700;;;ASH_COATED_OSMIUM;XIRECS;10011.0;3
85900;;;ASH_COATED_OSMIUM;XIRECS;9995.0;5
87400;;;INTARIAN_PEPPER_ROOT;XIRECS;11068.0;3
87900;;;ASH_COATED_OSMIUM;XIRECS;9993.0;5
88300;;;ASH_COATED_OSMIUM;XIRECS;10011.0;2
90200;;;ASH_COATED_OSMIUM;XIRECS;10011.0;10
90700;;;ASH_COATED_OSMIUM;XIRECS;10015.0;2
90800;;;ASH_COATED_OSMIUM;XIRECS;9994.0;6
91700;;;INTARIAN_PEPPER_ROOT;XIRECS;11064.0;8
92500;;;INTARIAN_PEPPER_ROOT;XIRECS;11075.0;7
95100;;;INTARIAN_PEPPER_ROOT;XIRECS;11060.0;8
95900;;;ASH_COATED_OSMIUM;XIRECS;10007.0;3
96900;;;ASH_COATED_OSMIUM;XIRECS;10007.0;6
96900;;;ASH_COATED_OSMIUM;XIRECS;10007.0;8
97200;;;INTARIAN_PEPPER_ROOT;XIRECS;11068.0;7
105900;;;ASH_COATED_OSMIUM;XIRECS;10011.0;5
107000;;;INTARIAN_PEPPER_ROOT;XIRECS;11075.0;7
107200;;;ASH_COATED_OSMIUM;XIRECS;9991.0;3
108800;;;INTARIAN_PEPPER_ROOT;XIRECS;11075.0;3
109800;;;INTARIAN_PEPPER_ROOT;XIRECS;11080.0;4
111600;;;ASH_COATED_OSMIUM;XIRECS;9992.0;5
114700;;;ASH_COATED_OSMIUM;XIRECS;9991.0;3
116100;;;ASH_COATED_OSMIUM;XIRECS;9989.0;8
117500;;;INTARIAN_PEPPER_ROOT;XIRECS;11086.0;6
122000;;;ASH_COATED_OSMIUM;XIRECS;10007.0;10
122300;;;ASH_COATED_OSMIUM;XIRECS;10007.0;5
122400;;;INTARIAN_PEPPER_ROOT;XIRECS;11110.0;7
124500;;;ASH_COATED_OSMIUM;XIRECS;9989.0;2
126400;;;ASH_COATED_OSMIUM;XIRECS;9988.0;6
126500;;;ASH_COATED_OSMIUM;XIRECS;9988.0;6
127800;;;ASH_COATED_OSMIUM;XIRECS;10003.0;2
127800;;;INTARIAN_PEPPER_ROOT;XIRECS;11109.0;3
129500;;;INTARIAN_PEPPER_ROOT;XIRECS;11124.0;3
130300;;;ASH_COATED_OSMIUM;XIRECS;10003.0;2
131100;;;INTARIAN_PEPPER_ROOT;XIRECS;11126.0;4
131400;;;ASH_COATED_OSMIUM;XIRECS;10003.0;2
132300;;;INTARIAN_PEPPER_ROOT;XIRECS;11115.0;3
134400;;;INTARIAN_PEPPER_ROOT;XIRECS;11128.0;4
137700;;;ASH_COATED_OSMIUM;XIRECS;10007.0;3
138000;;;INTARIAN_PEPPER_ROOT;XIRECS;11116.0;4
139400;;;ASH_COATED_OSMIUM;XIRECS;9989.0;6
139400;;;ASH_COATED_OSMIUM;XIRECS;9989.0;5
141900;;;INTARIAN_PEPPER_ROOT;XIRECS;11120.0;4
142000;;;ASH_COATED_OSMIUM;XIRECS;9992.0;2
142200;;;ASH_COATED_OSMIUM;XIRECS;9992.0;6
146700;;;ASH_COATED_OSMIUM;XIRECS;10009.0;6
148200;;;INTARIAN_PEPPER_ROOT;XIRECS;11123.0;7
149500;;;ASH_COATED_OSMIUM;XIRECS;10009.0;9
153200;;;ASH_COATED_OSMIUM;XIRECS;9994.0;5
154600;;;ASH_COATED_OSMIUM;XIRECS;9992.0;2
155300;;;ASH_COATED_OSMIUM;XIRECS;10009.0;10
155500;;;ASH_COATED_OSMIUM;XIRECS;10013.0;6
155700;;;ASH_COATED_OSMIUM;XIRECS;10010.0;7
155800;;;ASH_COATED_OSMIUM;XIRECS;9995.0;5
158200;;;ASH_COATED_OSMIUM;XIRECS;9994.0;5
164200;;;INTARIAN_PEPPER_ROOT;XIRECS;11158.0;7
165300;;;ASH_COATED_OSMIUM;XIRECS;9988.0;5
172700;;;ASH_COATED_OSMIUM;XIRECS;10008.0;4
173100;;;ASH_COATED_OSMIUM;XIRECS;10002.0;2
177700;;;ASH_COATED_OSMIUM;XIRECS;9989.0;10
177900;;;INTARIAN_PEPPER_ROOT;XIRECS;11204.0;5
181600;;;ASH_COATED_OSMIUM;XIRECS;9994.0;2
182700;;;ASH_COATED_OSMIUM;XIRECS;9993.0;5
184800;;;ASH_COATED_OSMIUM;XIRECS;9995.0;4
185500;;;INTARIAN_PEPPER_ROOT;XIRECS;11230.0;5
185900;;;ASH_COATED_OSMIUM;XIRECS;9996.0;10
186800;;;ASH_COATED_OSMIUM;XIRECS;9995.0;4
189700;;;INTARIAN_PEPPER_ROOT;XIRECS;11228.0;6
190400;;;ASH_COATED_OSMIUM;XIRECS;10011.0;3
191800;;;INTARIAN_PEPPER_ROOT;XIRECS;11227.0;4
192600;;;ASH_COATED_OSMIUM;XIRECS;9997.0;8
192900;;;ASH_COATED_OSMIUM;XIRECS;10016.0;10
194900;;;INTARIAN_PEPPER_ROOT;XIRECS;11229.0;6
197300;;;ASH_COATED_OSMIUM;XIRECS;9996.0;9
198600;;;INTARIAN_PEPPER_ROOT;XIRECS;11225.0;5
199400;;;INTARIAN_PEPPER_ROOT;XIRECS;11236.0;5
200100;;;ASH_COATED_OSMIUM;XIRECS;9994.0;6
200300;;;ASH_COATED_OSMIUM;XIRECS;9992.0;10
200400;;;ASH_COATED_OSMIUM;XIRECS;10011.0;2
200600;;;ASH_COATED_OSMIUM;XIRECS;10010.0;2
200700;;;ASH_COATED_OSMIUM;XIRECS;10010.0;8
201700;;;ASH_COATED_OSMIUM;XIRECS;9993.0;4
204000;;;INTARIAN_PEPPER_ROOT;XIRECS;11232.0;7
204600;;;INTARIAN_PEPPER_ROOT;XIRECS;11219.0;5
205600;;;ASH_COATED_OSMIUM;XIRECS;9992.0;2
206600;;;ASH_COATED_OSMIUM;XIRECS;9993.0;7
207500;;;INTARIAN_PEPPER_ROOT;XIRECS;11230.0;3
208900;;;ASH_COATED_OSMIUM;XIRECS;9994.0;10
210000;;;ASH_COATED_OSMIUM;XIRECS;9991.0;4
211400;;;INTARIAN_PEPPER_ROOT;XIRECS;11218.0;7
212100;;;INTARIAN_PEPPER_ROOT;XIRECS;11225.0;4
212700;;;ASH_COATED_OSMIUM;XIRECS;9994.0;6
212900;;;INTARIAN_PEPPER_ROOT;XIRECS;11218.0;5
215000;;;INTARIAN_PEPPER_ROOT;XIRECS;11228.0;7
217000;;;INTARIAN_PEPPER_ROOT;XIRECS;11229.0;5
217500;;;INTARIAN_PEPPER_ROOT;XIRECS;11230.0;6
220600;;;INTARIAN_PEPPER_ROOT;XIRECS;11223.0;4
224300;;;INTARIAN_PEPPER_ROOT;XIRECS;11236.0;3
224800;;;ASH_COATED_OSMIUM;XIRECS;10012.0;5
225000;;;INTARIAN_PEPPER_ROOT;XIRECS;11226.0;7
226200;;;ASH_COATED_OSMIUM;XIRECS;9997.0;6
227600;;;ASH_COATED_OSMIUM;XIRECS;9996.0;5
228000;;;ASH_COATED_OSMIUM;XIRECS;9995.0;5
229200;;;ASH_COATED_OSMIUM;XIRECS;10004.0;2
229600;;;ASH_COATED_OSMIUM;XIRECS;10011.0;5
234600;;;INTARIAN_PEPPER_ROOT;XIRECS;11252.0;4
235600;;;ASH_COATED_OSMIUM;XIRECS;9993.0;8
236100;;;ASH_COATED_OSMIUM;XIRECS;9992.0;4
236500;;;ASH_COATED_OSMIUM;XIRECS;9994.0;2
236600;;;ASH_COATED_OSMIUM;XIRECS;9993.0;4
237000;;;ASH_COATED_OSMIUM;XIRECS;10014.0;5
237100;;;ASH_COATED_OSMIUM;XIRECS;9996.0;3
237500;;;INTARIAN_PEPPER_ROOT;XIRECS;11254.0;4
239700;;;INTARIAN_PEPPER_ROOT;XIRECS;11255.0;7
241700;;;ASH_COATED_OSMIUM;XIRECS;9994.0;7
242000;;;INTARIAN_PEPPER_ROOT;XIRECS;11255.0;7
242800;;;ASH_COATED_OSMIUM;XIRECS;10009.0;5
243200;;;ASH_COATED_OSMIUM;XIRECS;10010.0;6
243700;;;ASH_COATED_OSMIUM;XIRECS;10010.0;6
246200;;;ASH_COATED_OSMIUM;XIRECS;9994.0;9
247600;;;ASH_COATED_OSMIUM;XIRECS;9995.0;6
248700;;;INTARIAN_PEPPER_ROOT;XIRECS;11240.0;4
251700;;;ASH_COATED_OSMIUM;XIRECS;9992.0;4
252300;;;ASH_COATED_OSMIUM;XIRECS;10008.0;5
252400;;;ASH_COATED_OSMIUM;XIRECS;10011.0;7
258300;;;ASH_COATED_OSMIUM;XIRECS;10013.0;9
258400;;;ASH_COATED_OSMIUM;XIRECS;10012.0;4
259400;;;ASH_COATED_OSMIUM;XIRECS;9998.0;8
260100;;;INTARIAN_PEPPER_ROOT;XIRECS;11236.0;5
260500;;;ASH_COATED_OSMIUM;XIRECS;10012.0;7
260600;;;ASH_COATED_OSMIUM;XIRECS;10012.0;2
261300;;;ASH_COATED_OSMIUM;XIRECS;9996.0;2
264100;;;INTARIAN_PEPPER_ROOT;XIRECS;11217.0;7
265000;;;ASH_COATED_OSMIUM;XIRECS;9992.0;8
265100;;;INTARIAN_PEPPER_ROOT;XIRECS;11222.0;6
267000;;;ASH_COATED_OSMIUM;XIRECS;9991.0;9
267500;;;INTARIAN_PEPPER_ROOT;XIRECS;11219.0;3
268800;;;ASH_COATED_OSMIUM;XIRECS;10006.0;6
269400;;;ASH_COATED_OSMIUM;XIRECS;9991.0;4
270400;;;ASH_COATED_OSMIUM;XIRECS;10008.0;2
270700;;;INTARIAN_PEPPER_ROOT;XIRECS;11232.0;6
271800;;;ASH_COATED_OSMIUM;XIRECS;10007.0;5
272800;;;ASH_COATED_OSMIUM;XIRECS;10005.0;6
280900;;;ASH_COATED_OSMIUM;XIRECS;9987.0;2
282500;;;ASH_COATED_OSMIUM;XIRECS;9988.0;4
282700;;;ASH_COATED_OSMIUM;XIRECS;10004.0;6
291400;;;ASH_COATED_OSMIUM;XIRECS;9989.0;3
294100;;;INTARIAN_PEPPER_ROOT;XIRECS;11293.0;3
297000;;;ASH_COATED_OSMIUM;XIRECS;10005.0;9
297300;;;ASH_COATED_OSMIUM;XIRECS;10005.0;3
299500;;;ASH_COATED_OSMIUM;XIRECS;9990.0;2
300000;;;INTARIAN_PEPPER_ROOT;XIRECS;11305.0;7
301400;;;INTARIAN_PEPPER_ROOT;XIRECS;11308.0;7
301600;;;ASH_COATED_OSMIUM;XIRECS;9992.0;9
306000;;;INTARIAN_PEPPER_ROOT;XIRECS;11311.0;5
306200;;;ASH_COATED_OSMIUM;XIRECS;9992.0;6
306500;;;ASH_COATED_OSMIUM;XIRECS;10009.0;5
307600;;;ASH_COATED_OSMIUM;XIRECS;9995.0;5
310000;;;ASH_COATED_OSMIUM;XIRECS;10011.0;9
310900;;;ASH_COATED_OSMIUM;XIRECS;10012.0;6
311200;;;INTARIAN_PEPPER_ROOT;XIRECS;11306.0;3
311700;;;INTARIAN_PEPPER_ROOT;XIRECS;11316.0;6
313100;;;ASH_COATED_OSMIUM;XIRECS;9996.0;2
313600;;;ASH_COATED_OSMIUM;XIRECS;10013.0;3
314400;;;INTARIAN_PEPPER_ROOT;XIRECS;11323.0;6
320900;;;ASH_COATED_OSMIUM;XIRECS;10014.0;6
323200;;;INTARIAN_PEPPER_ROOT;XIRECS;11324.0;5
323500;;;ASH_COATED_OSMIUM;XIRECS;9998.0;6
324600;;;ASH_COATED_OSMIUM;XIRECS;9997.0;2
325000;;;ASH_COATED_OSMIUM;XIRECS;10015.0;5
327400;;;INTARIAN_PEPPER_ROOT;XIRECS;11321.0;6
327600;;;INTARIAN_PEPPER_ROOT;XIRECS;11334.0;3
329000;;;ASH_COATED_OSMIUM;XIRECS;10000.0;9
329800;;;ASH_COATED_OSMIUM;XIRECS;10016.0;4
330600;;;ASH_COATED_OSMIUM;XIRECS;9998.0;2
331500;;;INTARIAN_PEPPER_ROOT;XIRECS;11330.0;3
331800;;;ASH_COATED_OSMIUM;XIRECS;10017.0;8
332800;;;ASH_COATED_OSMIUM;XIRECS;10016.0;5
333200;;;INTARIAN_PEPPER_ROOT;XIRECS;11347.0;7
334400;;;INTARIAN_PEPPER_ROOT;XIRECS;11351.0;3
334700;;;INTARIAN_PEPPER_ROOT;XIRECS;11339.0;3
335300;;;INTARIAN_PEPPER_ROOT;XIRECS;11356.0;3
335400;;;INTARIAN_PEPPER_ROOT;XIRECS;11350.0;6
335800;;;ASH_COATED_OSMIUM;XIRECS;10000.0;6
336000;;;ASH_COATED_OSMIUM;XIRECS;9997.0;6
336400;;;ASH_COATED_OSMIUM;XIRECS;10015.0;9
336500;;;INTARIAN_PEPPER_ROOT;XIRECS;11357.0;6
336800;;;ASH_COATED_OSMIUM;XIRECS;9999.0;4
337200;;;ASH_COATED_OSMIUM;XIRECS;10000.0;6
337300;;;ASH_COATED_OSMIUM;XIRECS;9999.0;7
340700;;;ASH_COATED_OSMIUM;XIRECS;10015.0;2
341200;;;ASH_COATED_OSMIUM;XIRECS;9998.0;2
342400;;;ASH_COATED_OSMIUM;XIRECS;9996.0;5
344000;;;INTARIAN_PEPPER_ROOT;XIRECS;11370.0;3
344200;;;ASH_COATED_OSMIUM;XIRECS;10001.0;4
345800;;;ASH_COATED_OSMIUM;XIRECS;9999.0;3
346200;;;ASH_COATED_OSMIUM;XIRECS;9999.0;4
349400;;;ASH_COATED_OSMIUM;XIRECS;10004.0;4
350400;;;ASH_COATED_OSMIUM;XIRECS;10013.0;5
350900;;;INTARIAN_PEPPER_ROOT;XIRECS;11402.0;4
351800;;;ASH_COATED_OSMIUM;XIRECS;10010.0;5
351900;;;INTARIAN_PEPPER_ROOT;XIRECS;11389.0;7
352500;;;INTARIAN_PEPPER_ROOT;XIRECS;11402.0;6
353000;;;ASH_COATED_OSMIUM;XIRECS;9991.0;5
354000;;;INTARIAN_PEPPER_ROOT;XIRECS;11404.0;6
356700;;;ASH_COATED_OSMIUM;XIRECS;10007.0;9
356800;;;INTARIAN_PEPPER_ROOT;XIRECS;11396.0;6
357500;;;ASH_COATED_OSMIUM;XIRECS;9991.0;3
358000;;;INTARIAN_PEPPER_ROOT;XIRECS;11393.0;3
358400;;;ASH_COATED_OSMIUM;XIRECS;10007.0;3
358400;;;INTARIAN_PEPPER_ROOT;XIRECS;11405.0;5
359300;;;ASH_COATED_OSMIUM;XIRECS;9992.0;4
360000;;;INTARIAN_PEPPER_ROOT;XIRECS;11406.0;7
360800;;;INTARIAN_PEPPER_ROOT;XIRECS;11409.0;5
361400;;;ASH_COATED_OSMIUM;XIRECS;9993.0;6
361600;;;INTARIAN_PEPPER_ROOT;XIRECS;11400.0;5
363200;;;ASH_COATED_OSMIUM;XIRECS;10011.0;2
365300;;;ASH_COATED_OSMIUM;XIRECS;9992.0;3
365400;;;INTARIAN_PEPPER_ROOT;XIRECS;11397.0;7
367300;;;INTARIAN_PEPPER_ROOT;XIRECS;11393.0;5
370900;;;INTARIAN_PEPPER_ROOT;XIRECS;11401.0;4
371200;;;INTARIAN_PEPPER_ROOT;XIRECS;11388.0;3
372300;;;INTARIAN_PEPPER_ROOT;XIRECS;11388.0;6
374600;;;INTARIAN_PEPPER_ROOT;XIRECS;11396.0;3
375300;;;ASH_COATED_OSMIUM;XIRECS;9993.0;4
375400;;;ASH_COATED_OSMIUM;XIRECS;10009.0;3
376700;;;INTARIAN_PEPPER_ROOT;XIRECS;11382.0;7
377400;;;ASH_COATED_OSMIUM;XIRECS;9992.0;4
380800;;;INTARIAN_PEPPER_ROOT;XIRECS;11388.0;3
380900;;;ASH_COATED_OSMIUM;XIRECS;9996.0;8
381000;;;ASH_COATED_OSMIUM;XIRECS;10012.0;2
383000;;;ASH_COATED_OSMIUM;XIRECS;10010.0;6
384000;;;ASH_COATED_OSMIUM;XIRECS;9990.0;4
389800;;;ASH_COATED_OSMIUM;XIRECS;10011.0;10
389900;;;ASH_COATED_OSMIUM;XIRECS;9996.0;7
390400;;;ASH_COATED_OSMIUM;XIRECS;9995.0;9
391100;;;ASH_COATED_OSMIUM;XIRECS;9995.0;4
392300;;;ASH_COATED_OSMIUM;XIRECS;10012.0;5
399100;;;INTARIAN_PEPPER_ROOT;XIRECS;11384.0;3
401000;;;INTARIAN_PEPPER_ROOT;XIRECS;11389.0;8
401700;;;ASH_COATED_OSMIUM;XIRECS;10014.0;9
402400;;;ASH_COATED_OSMIUM;XIRECS;9995.0;5
405200;;;ASH_COATED_OSMIUM;XIRECS;9996.0;2
407400;;;ASH_COATED_OSMIUM;XIRECS;10009.0;8
412600;;;ASH_COATED_OSMIUM;XIRECS;9993.0;4
414000;;;ASH_COATED_OSMIUM;XIRECS;10011.0;6
415200;;;INTARIAN_PEPPER_ROOT;XIRECS;11412.0;6
415800;;;ASH_COATED_OSMIUM;XIRECS;9992.0;6
416100;;;ASH_COATED_OSMIUM;XIRECS;9995.0;2
417100;;;INTARIAN_PEPPER_ROOT;XIRECS;11412.0;5
419000;;;INTARIAN_PEPPER_ROOT;XIRECS;11397.0;6
419200;;;INTARIAN_PEPPER_ROOT;XIRECS;11412.0;4
420300;;;INTARIAN_PEPPER_ROOT;XIRECS;11399.0;7
423300;;;INTARIAN_PEPPER_ROOT;XIRECS;11397.0;6
424700;;;ASH_COATED_OSMIUM;XIRECS;9994.0;6
424900;;;INTARIAN_PEPPER_ROOT;XIRECS;11408.0;7
425200;;;ASH_COATED_OSMIUM;XIRECS;10009.0;6
425800;;;ASH_COATED_OSMIUM;XIRECS;9993.0;7
427600;;;INTARIAN_PEPPER_ROOT;XIRECS;11393.0;7
430100;;;ASH_COATED_OSMIUM;XIRECS;10013.0;4
432800;;;ASH_COATED_OSMIUM;XIRECS;9994.0;6
433700;;;ASH_COATED_OSMIUM;XIRECS;9996.0;6
435400;;;ASH_COATED_OSMIUM;XIRECS;9997.0;3
436100;;;INTARIAN_PEPPER_ROOT;XIRECS;11398.0;5
437600;;;INTARIAN_PEPPER_ROOT;XIRECS;11389.0;3
439100;;;ASH_COATED_OSMIUM;XIRECS;10017.0;5
439800;;;ASH_COATED_OSMIUM;XIRECS;10016.0;7
440300;;;ASH_COATED_OSMIUM;XIRECS;10015.0;3
440700;;;ASH_COATED_OSMIUM;XIRECS;9999.0;2
440800;;;INTARIAN_PEPPER_ROOT;XIRECS;11392.0;4
441300;;;INTARIAN_PEPPER_ROOT;XIRECS;11394.0;5
442100;;;ASH_COATED_OSMIUM;XIRECS;10007.0;4
442700;;;ASH_COATED_OSMIUM;XIRECS;10013.0;6
443000;;;ASH_COATED_OSMIUM;XIRECS;10013.0;4
444200;;;ASH_COATED_OSMIUM;XIRECS;10013.0;10
445000;;;ASH_COATED_OSMIUM;XIRECS;10016.0;8
447800;;;INTARIAN_PEPPER_ROOT;XIRECS;11420.0;5
449100;;;ASH_COATED_OSMIUM;XIRECS;9997.0;8
450800;;;ASH_COATED_OSMIUM;XIRECS;10003.0;3
451800;;;ASH_COATED_OSMIUM;XIRECS;9996.0;5
452300;;;ASH_COATED_OSMIUM;XIRECS;10012.0;7
453000;;;INTARIAN_PEPPER_ROOT;XIRECS;11430.0;3
453400;;;ASH_COATED_OSMIUM;XIRECS;9996.0;6
453800;;;INTARIAN_PEPPER_ROOT;XIRECS;11426.0;7
456000;;;ASH_COATED_OSMIUM;XIRECS;10010.0;4
456100;;;INTARIAN_PEPPER_ROOT;XIRECS;11432.0;6
457000;;;INTARIAN_PEPPER_ROOT;XIRECS;11435.0;6
457300;;;INTARIAN_PEPPER_ROOT;XIRECS;11449.0;4
458400;;;ASH_COATED_OSMIUM;XIRECS;10012.0;6
459600;;;INTARIAN_PEPPER_ROOT;XIRECS;11442.0;6
461900;;;INTARIAN_PEPPER_ROOT;XIRECS;11468.0;5
463900;;;ASH_COATED_OSMIUM;XIRECS;10012.0;6
464300;;;INTARIAN_PEPPER_ROOT;XIRECS;11476.0;3
465500;;;ASH_COATED_OSMIUM;XIRECS;10009.0;6
466000;;;INTARIAN_PEPPER_ROOT;XIRECS;11468.0;3
467300;;;INTARIAN_PEPPER_ROOT;XIRECS;11470.0;3
467800;;;ASH_COATED_OSMIUM;XIRECS;10009.0;5
468100;;;ASH_COATED_OSMIUM;XIRECS;9991.0;8
469000;;;INTARIAN_PEPPER_ROOT;XIRECS;11475.0;6
471900;;;ASH_COATED_OSMIUM;XIRECS;10009.0;6
472200;;;ASH_COATED_OSMIUM;XIRECS;9993.0;3
473000;;;INTARIAN_PEPPER_ROOT;XIRECS;11493.0;4
473600;;;INTARIAN_PEPPER_ROOT;XIRECS;11481.0;5
476400;;;ASH_COATED_OSMIUM;XIRECS;10009.0;5
477200;;;ASH_COATED_OSMIUM;XIRECS;9994.0;6
477600;;;INTARIAN_PEPPER_ROOT;XIRECS;11506.0;5
478500;;;ASH_COATED_OSMIUM;XIRECS;9991.0;3
478600;;;ASH_COATED_OSMIUM;XIRECS;9991.0;6
479600;;;ASH_COATED_OSMIUM;XIRECS;9992.0;2
480500;;;INTARIAN_PEPPER_ROOT;XIRECS;11496.0;3
482100;;;INTARIAN_PEPPER_ROOT;XIRECS;11494.0;5
482600;;;ASH_COATED_OSMIUM;XIRECS;9994.0;5
482700;;;ASH_COATED_OSMIUM;XIRECS;9994.0;5
486700;;;INTARIAN_PEPPER_ROOT;XIRECS;11498.0;8
487200;;;ASH_COATED_OSMIUM;XIRECS;10012.0;3
487500;;;ASH_COATED_OSMIUM;XIRECS;9993.0;4
487700;;;ASH_COATED_OSMIUM;XIRECS;9994.0;5
489400;;;INTARIAN_PEPPER_ROOT;XIRECS;11494.0;3
489700;;;ASH_COATED_OSMIUM;XIRECS;10011.0;7
490300;;;INTARIAN_PEPPER_ROOT;XIRECS;11497.0;5
493800;;;INTARIAN_PEPPER_ROOT;XIRECS;11497.0;4
494300;;;ASH_COATED_OSMIUM;XIRECS;10013.0;3
495800;;;INTARIAN_PEPPER_ROOT;XIRECS;11498.0;4
498900;;;ASH_COATED_OSMIUM;XIRECS;9992.0;8
500000;;;ASH_COATED_OSMIUM;XIRECS;9995.0;4
500000;;;INTARIAN_PEPPER_ROOT;XIRECS;11515.0;3
502100;;;ASH_COATED_OSMIUM;XIRECS;9995.0;4
502700;;;ASH_COATED_OSMIUM;XIRECS;10010.0;2
503100;;;ASH_COATED_OSMIUM;XIRECS;10000.0;3
503300;;;INTARIAN_PEPPER_ROOT;XIRECS;11512.0;6
507800;;;INTARIAN_PEPPER_ROOT;XIRECS;11522.0;3
509700;;;INTARIAN_PEPPER_ROOT;XIRECS;11526.0;7
511000;;;ASH_COATED_OSMIUM;XIRECS;9995.0;4
511700;;;ASH_COATED_OSMIUM;XIRECS;10011.0;6
512500;;;ASH_COATED_OSMIUM;XIRECS;10012.0;4
512800;;;ASH_COATED_OSMIUM;XIRECS;9996.0;7
512800;;;INTARIAN_PEPPER_ROOT;XIRECS;11550.0;5
514300;;;ASH_COATED_OSMIUM;XIRECS;9996.0;5
516100;;;ASH_COATED_OSMIUM;XIRECS;10013.0;5
517200;;;ASH_COATED_OSMIUM;XIRECS;10012.0;5
519200;;;INTARIAN_PEPPER_ROOT;XIRECS;11561.0;7
520700;;;INTARIAN_PEPPER_ROOT;XIRECS;11552.0;5
521600;;;INTARIAN_PEPPER_ROOT;XIRECS;11553.0;5
521800;;;ASH_COATED_OSMIUM;XIRECS;9995.0;4
522500;;;ASH_COATED_OSMIUM;XIRECS;10011.0;5
525700;;;ASH_COATED_OSMIUM;XIRECS;9994.0;4
531600;;;INTARIAN_PEPPER_ROOT;XIRECS;11559.0;4
532300;;;ASH_COATED_OSMIUM;XIRECS;9994.0;3
536100;;;ASH_COATED_OSMIUM;XIRECS;9994.0;6
536700;;;INTARIAN_PEPPER_ROOT;XIRECS;11567.0;3
537200;;;ASH_COATED_OSMIUM;XIRECS;10012.0;3
539900;;;INTARIAN_PEPPER_ROOT;XIRECS;11550.0;6
540100;;;ASH_COATED_OSMIUM;XIRECS;10007.0;2
545100;;;INTARIAN_PEPPER_ROOT;XIRECS;11553.0;7
547300;;;ASH_COATED_OSMIUM;XIRECS;9987.0;9
552900;;;ASH_COATED_OSMIUM;XIRECS;9990.0;10
554400;;;ASH_COATED_OSMIUM;XIRECS;9990.0;10
555700;;;INTARIAN_PEPPER_ROOT;XIRECS;11530.0;7
556000;;;INTARIAN_PEPPER_ROOT;XIRECS;11528.0;3
556700;;;ASH_COATED_OSMIUM;XIRECS;9991.0;2
556700;;;INTARIAN_PEPPER_ROOT;XIRECS;11530.0;8
556800;;;INTARIAN_PEPPER_ROOT;XIRECS;11543.0;3
557700;;;ASH_COATED_OSMIUM;XIRECS;9990.0;8
558800;;;INTARIAN_PEPPER_ROOT;XIRECS;11537.0;8
560300;;;ASH_COATED_OSMIUM;XIRECS;10004.0;6
561300;;;INTARIAN_PEPPER_ROOT;XIRECS;11530.0;3
564900;;;INTARIAN_PEPPER_ROOT;XIRECS;11534.0;6
566100;;;INTARIAN_PEPPER_ROOT;XIRECS;11536.0;3
566600;;;ASH_COATED_OSMIUM;XIRECS;10004.0;7
566700;;;INTARIAN_PEPPER_ROOT;XIRECS;11532.0;3
567300;;;ASH_COATED_OSMIUM;XIRECS;9988.0;10
570000;;;INTARIAN_PEPPER_ROOT;XIRECS;11552.0;5
573200;;;ASH_COATED_OSMIUM;XIRECS;10001.0;2
573500;;;INTARIAN_PEPPER_ROOT;XIRECS;11549.0;5
574100;;;ASH_COATED_OSMIUM;XIRECS;10008.0;5
574200;;;ASH_COATED_OSMIUM;XIRECS;9993.0;2
574500;;;ASH_COATED_OSMIUM;XIRECS;9992.0;3
576400;;;INTARIAN_PEPPER_ROOT;XIRECS;11568.0;5
579400;;;INTARIAN_PEPPER_ROOT;XIRECS;11570.0;7
579600;;;INTARIAN_PEPPER_ROOT;XIRECS;11570.0;7
580100;;;INTARIAN_PEPPER_ROOT;XIRECS;11555.0;7
581500;;;ASH_COATED_OSMIUM;XIRECS;10007.0;2
582100;;;INTARIAN_PEPPER_ROOT;XIRECS;11561.0;5
583900;;;ASH_COATED_OSMIUM;XIRECS;10008.0;7
584000;;;ASH_COATED_OSMIUM;XIRECS;10007.0;8
584200;;;INTARIAN_PEPPER_ROOT;XIRECS;11575.0;4
585100;;;INTARIAN_PEPPER_ROOT;XIRECS;11564.0;5
589400;;;INTARIAN_PEPPER_ROOT;XIRECS;11569.0;3
590200;;;INTARIAN_PEPPER_ROOT;XIRECS;11582.0;3
590300;;;ASH_COATED_OSMIUM;XIRECS;10002.0;3
593600;;;INTARIAN_PEPPER_ROOT;XIRECS;11580.0;3
595000;;;ASH_COATED_OSMIUM;XIRECS;10005.0;2
600300;;;INTARIAN_PEPPER_ROOT;XIRECS;11566.0;6
600600;;;ASH_COATED_OSMIUM;XIRECS;9992.0;6
603100;;;ASH_COATED_OSMIUM;XIRECS;9991.0;3
605700;;;INTARIAN_PEPPER_ROOT;XIRECS;11566.0;3
607400;;;ASH_COATED_OSMIUM;XIRECS;9992.0;3
607800;;;ASH_COATED_OSMIUM;XIRECS;10008.0;5
610300;;;INTARIAN_PEPPER_ROOT;XIRECS;11570.0;5
611600;;;ASH_COATED_OSMIUM;XIRECS;9994.0;6
611900;;;ASH_COATED_OSMIUM;XIRECS;9997.0;5
612000;;;ASH_COATED_OSMIUM;XIRECS;10007.0;2
612300;;;INTARIAN_PEPPER_ROOT;XIRECS;11575.0;8
615600;;;ASH_COATED_OSMIUM;XIRECS;10011.0;5
619300;;;INTARIAN_PEPPER_ROOT;XIRECS;11603.0;7
620700;;;ASH_COATED_OSMIUM;XIRECS;10010.0;8
622900;;;ASH_COATED_OSMIUM;XIRECS;10012.0;4
623200;;;INTARIAN_PEPPER_ROOT;XIRECS;11616.0;6
624500;;;ASH_COATED_OSMIUM;XIRECS;9996.0;6
628900;;;ASH_COATED_OSMIUM;XIRECS;10013.0;6
629000;;;INTARIAN_PEPPER_ROOT;XIRECS;11625.0;4
630900;;;INTARIAN_PEPPER_ROOT;XIRECS;11632.0;6
632300;;;ASH_COATED_OSMIUM;XIRECS;10009.0;5
634200;;;ASH_COATED_OSMIUM;XIRECS;9994.0;2
634300;;;INTARIAN_PEPPER_ROOT;XIRECS;11657.0;6
634400;;;INTARIAN_PEPPER_ROOT;XIRECS;11654.0;5
636300;;;INTARIAN_PEPPER_ROOT;XIRECS;11651.0;5
636900;;;INTARIAN_PEPPER_ROOT;XIRECS;11665.0;6
638800;;;INTARIAN_PEPPER_ROOT;XIRECS;11671.0;4
639100;;;ASH_COATED_OSMIUM;XIRECS;10014.0;8
639100;;;INTARIAN_PEPPER_ROOT;XIRECS;11656.0;3
639800;;;INTARIAN_PEPPER_ROOT;XIRECS;11661.0;4
640000;;;INTARIAN_PEPPER_ROOT;XIRECS;11674.0;6
640600;;;ASH_COATED_OSMIUM;XIRECS;10002.0;3
642000;;;ASH_COATED_OSMIUM;XIRECS;10016.0;5
642100;;;INTARIAN_PEPPER_ROOT;XIRECS;11679.0;4
642900;;;ASH_COATED_OSMIUM;XIRECS;10012.0;6
642900;;;INTARIAN_PEPPER_ROOT;XIRECS;11669.0;5
644300;;;ASH_COATED_OSMIUM;XIRECS;10012.0;6
645600;;;ASH_COATED_OSMIUM;XIRECS;9996.0;2
645700;;;ASH_COATED_OSMIUM;XIRECS;10012.0;8
647500;;;ASH_COATED_OSMIUM;XIRECS;10015.0;5
650200;;;INTARIAN_PEPPER_ROOT;XIRECS;11686.0;6
650600;;;ASH_COATED_OSMIUM;XIRECS;9999.0;4
653000;;;INTARIAN_PEPPER_ROOT;XIRECS;11690.0;6
653900;;;ASH_COATED_OSMIUM;XIRECS;10000.0;6
654800;;;ASH_COATED_OSMIUM;XIRECS;9998.0;6
656100;;;ASH_COATED_OSMIUM;XIRECS;9998.0;3
656400;;;INTARIAN_PEPPER_ROOT;XIRECS;11691.0;6
656900;;;ASH_COATED_OSMIUM;XIRECS;10000.0;10
658200;;;ASH_COATED_OSMIUM;XIRECS;10000.0;3
658400;;;ASH_COATED_OSMIUM;XIRECS;10016.0;9
658500;;;ASH_COATED_OSMIUM;XIRECS;10019.0;2
660400;;;ASH_COATED_OSMIUM;XIRECS;10017.0;4
660400;;;INTARIAN_PEPPER_ROOT;XIRECS;11677.0;3
662600;;;INTARIAN_PEPPER_ROOT;XIRECS;11687.0;6
665900;;;INTARIAN_PEPPER_ROOT;XIRECS;11692.0;4
666600;;;ASH_COATED_OSMIUM;XIRECS;10001.0;4
667000;;;ASH_COATED_OSMIUM;XIRECS;10002.0;5
668200;;;ASH_COATED_OSMIUM;XIRECS;10018.0;2
668200;;;INTARIAN_PEPPER_ROOT;XIRECS;11691.0;4
669800;;;INTARIAN_PEPPER_ROOT;XIRECS;11691.0;7
672200;;;INTARIAN_PEPPER_ROOT;XIRECS;11681.0;3
673600;;;ASH_COATED_OSMIUM;XIRECS;10001.0;10
673600;;;INTARIAN_PEPPER_ROOT;XIRECS;11692.0;6
677000;;;ASH_COATED_OSMIUM;XIRECS;10000.0;4
677300;;;ASH_COATED_OSMIUM;XIRECS;10000.0;2
677500;;;INTARIAN_PEPPER_ROOT;XIRECS;11687.0;4
677800;;;INTARIAN_PEPPER_ROOT;XIRECS;11687.0;3
679400;;;ASH_COATED_OSMIUM;XIRECS;10015.0;5
681200;;;ASH_COATED_OSMIUM;XIRECS;10016.0;9
681700;;;INTARIAN_PEPPER_ROOT;XIRECS;11707.0;7
681900;;;ASH_COATED_OSMIUM;XIRECS;9999.0;9
682900;;;INTARIAN_PEPPER_ROOT;XIRECS;11709.0;4
683100;;;ASH_COATED_OSMIUM;XIRECS;10016.0;4
685400;;;ASH_COATED_OSMIUM;XIRECS;10016.0;7
687300;;;INTARIAN_PEPPER_ROOT;XIRECS;11705.0;4
688000;;;INTARIAN_PEPPER_ROOT;XIRECS;11719.0;3
689500;;;ASH_COATED_OSMIUM;XIRECS;10015.0;6
689900;;;INTARIAN_PEPPER_ROOT;XIRECS;11722.0;6
690200;;;INTARIAN_PEPPER_ROOT;XIRECS;11710.0;3
690300;;;INTARIAN_PEPPER_ROOT;XIRECS;11723.0;3
690500;;;ASH_COATED_OSMIUM;XIRECS;9998.0;5
690600;;;INTARIAN_PEPPER_ROOT;XIRECS;11720.0;5
691000;;;ASH_COATED_OSMIUM;XIRECS;9998.0;4
691600;;;INTARIAN_PEPPER_ROOT;XIRECS;11712.0;7
692000;;;INTARIAN_PEPPER_ROOT;XIRECS;11713.0;4
699900;;;ASH_COATED_OSMIUM;XIRECS;10013.0;6
699900;;;ASH_COATED_OSMIUM;XIRECS;10013.0;4
700500;;;ASH_COATED_OSMIUM;XIRECS;10013.0;6
700600;;;ASH_COATED_OSMIUM;XIRECS;9997.0;3
701000;;;INTARIAN_PEPPER_ROOT;XIRECS;11719.0;4
701900;;;INTARIAN_PEPPER_ROOT;XIRECS;11728.0;7
702800;;;INTARIAN_PEPPER_ROOT;XIRECS;11715.0;5
703300;;;ASH_COATED_OSMIUM;XIRECS;9993.0;4
704100;;;ASH_COATED_OSMIUM;XIRECS;9995.0;2
705400;;;ASH_COATED_OSMIUM;XIRECS;9996.0;7
708000;;;ASH_COATED_OSMIUM;XIRECS;9995.0;5
708600;;;INTARIAN_PEPPER_ROOT;XIRECS;11721.0;4
708900;;;ASH_COATED_OSMIUM;XIRECS;9995.0;6
710200;;;ASH_COATED_OSMIUM;XIRECS;10008.0;8
712300;;;ASH_COATED_OSMIUM;XIRECS;10006.0;5
714900;;;ASH_COATED_OSMIUM;XIRECS;9999.0;5
717200;;;INTARIAN_PEPPER_ROOT;XIRECS;11707.0;4
720600;;;ASH_COATED_OSMIUM;XIRECS;10012.0;4
723300;;;ASH_COATED_OSMIUM;XIRECS;9990.0;6
724500;;;INTARIAN_PEPPER_ROOT;XIRECS;11698.0;4
725700;;;ASH_COATED_OSMIUM;XIRECS;9992.0;8
726200;;;ASH_COATED_OSMIUM;XIRECS;9992.0;5
727200;;;INTARIAN_PEPPER_ROOT;XIRECS;11697.0;6
727400;;;INTARIAN_PEPPER_ROOT;XIRECS;11697.0;3
728400;;;INTARIAN_PEPPER_ROOT;XIRECS;11684.0;5
729100;;;ASH_COATED_OSMIUM;XIRECS;10008.0;8
729500;;;ASH_COATED_OSMIUM;XIRECS;9991.0;5
730400;;;ASH_COATED_OSMIUM;XIRECS;10006.0;6
730700;;;ASH_COATED_OSMIUM;XIRECS;9995.0;2
731200;;;ASH_COATED_OSMIUM;XIRECS;10008.0;9
733500;;;INTARIAN_PEPPER_ROOT;XIRECS;11701.0;3
734900;;;ASH_COATED_OSMIUM;XIRECS;9989.0;5
735000;;;ASH_COATED_OSMIUM;XIRECS;10005.0;5
736700;;;ASH_COATED_OSMIUM;XIRECS;10008.0;5
737500;;;INTARIAN_PEPPER_ROOT;XIRECS;11705.0;3
739400;;;ASH_COATED_OSMIUM;XIRECS;10007.0;6
739500;;;ASH_COATED_OSMIUM;XIRECS;9987.0;10
742000;;;ASH_COATED_OSMIUM;XIRECS;10005.0;5
743700;;;ASH_COATED_OSMIUM;XIRECS;9986.0;4
745400;;;ASH_COATED_OSMIUM;XIRECS;9984.0;6
746100;;;ASH_COATED_OSMIUM;XIRECS;10001.0;8
748300;;;INTARIAN_PEPPER_ROOT;XIRECS;11729.0;5
750400;;;ASH_COATED_OSMIUM;XIRECS;10005.0;5
752100;;;ASH_COATED_OSMIUM;XIRECS;10001.0;4
752900;;;INTARIAN_PEPPER_ROOT;XIRECS;11744.0;7
754200;;;ASH_COATED_OSMIUM;XIRECS;10000.0;5
755500;;;INTARIAN_PEPPER_ROOT;XIRECS;11736.0;7
755700;;;ASH_COATED_OSMIUM;XIRECS;10000.0;4
755700;;;INTARIAN_PEPPER_ROOT;XIRECS;11749.0;3
756400;;;ASH_COATED_OSMIUM;XIRECS;9991.0;3
756600;;;ASH_COATED_OSMIUM;XIRECS;9986.0;9
756900;;;ASH_COATED_OSMIUM;XIRECS;9985.0;5
757200;;;ASH_COATED_OSMIUM;XIRECS;9985.0;9
758500;;;ASH_COATED_OSMIUM;XIRECS;9982.0;6
761800;;;INTARIAN_PEPPER_ROOT;XIRECS;11747.0;7
763000;;;INTARIAN_PEPPER_ROOT;XIRECS;11757.0;4
763600;;;INTARIAN_PEPPER_ROOT;XIRECS;11758.0;6
763900;;;ASH_COATED_OSMIUM;XIRECS;9988.0;6
763900;;;ASH_COATED_OSMIUM;XIRECS;9988.0;8
764300;;;INTARIAN_PEPPER_ROOT;XIRECS;11743.0;5
766000;;;INTARIAN_PEPPER_ROOT;XIRECS;11756.0;4
767000;;;ASH_COATED_OSMIUM;XIRECS;10005.0;9
770100;;;INTARIAN_PEPPER_ROOT;XIRECS;11748.0;4
771800;;;INTARIAN_PEPPER_ROOT;XIRECS;11758.0;6
775000;;;ASH_COATED_OSMIUM;XIRECS;10000.0;4
775500;;;INTARIAN_PEPPER_ROOT;XIRECS;11760.0;7
776800;;;INTARIAN_PEPPER_ROOT;XIRECS;11751.0;6
777000;;;INTARIAN_PEPPER_ROOT;XIRECS;11752.0;5
777200;;;ASH_COATED_OSMIUM;XIRECS;10010.0;10
780100;;;ASH_COATED_OSMIUM;XIRECS;10009.0;2
781100;;;INTARIAN_PEPPER_ROOT;XIRECS;11766.0;7
781500;;;INTARIAN_PEPPER_ROOT;XIRECS;11759.0;7
782500;;;ASH_COATED_OSMIUM;XIRECS;10008.0;7
783300;;;INTARIAN_PEPPER_ROOT;XIRECS;11760.0;4
785100;;;INTARIAN_PEPPER_ROOT;XIRECS;11764.0;3
787000;;;INTARIAN_PEPPER_ROOT;XIRECS;11777.0;6
787300;;;INTARIAN_PEPPER_ROOT;XIRECS;11769.0;4
788000;;;ASH_COATED_OSMIUM;XIRECS;10008.0;5
789700;;;ASH_COATED_OSMIUM;XIRECS;9991.0;2
791700;;;INTARIAN_PEPPER_ROOT;XIRECS;11784.0;6
791900;;;ASH_COATED_OSMIUM;XIRECS;9990.0;5
792300;;;ASH_COATED_OSMIUM;XIRECS;10005.0;10
793700;;;ASH_COATED_OSMIUM;XIRECS;10004.0;10
793700;;;INTARIAN_PEPPER_ROOT;XIRECS;11801.0;4
796100;;;INTARIAN_PEPPER_ROOT;XIRECS;11806.0;5
796300;;;INTARIAN_PEPPER_ROOT;XIRECS;11797.0;5
796500;;;ASH_COATED_OSMIUM;XIRECS;9993.0;4
796600;;;INTARIAN_PEPPER_ROOT;XIRECS;11808.0;7
798400;;;INTARIAN_PEPPER_ROOT;XIRECS;11818.0;5
802000;;;ASH_COATED_OSMIUM;XIRECS;9996.0;5
803100;;;ASH_COATED_OSMIUM;XIRECS;10001.0;5
805200;;;ASH_COATED_OSMIUM;XIRECS;9992.0;6
806000;;;ASH_COATED_OSMIUM;XIRECS;9986.0;2
806100;;;INTARIAN_PEPPER_ROOT;XIRECS;11832.0;7
806200;;;INTARIAN_PEPPER_ROOT;XIRECS;11840.0;3
810700;;;ASH_COATED_OSMIUM;XIRECS;10003.0;2
811700;;;INTARIAN_PEPPER_ROOT;XIRECS;11843.0;6
813000;;;INTARIAN_PEPPER_ROOT;XIRECS;11849.0;3
815600;;;ASH_COATED_OSMIUM;XIRECS;10004.0;4
815900;;;INTARIAN_PEPPER_ROOT;XIRECS;11862.0;3
821100;;;ASH_COATED_OSMIUM;XIRECS;10009.0;8
823400;;;ASH_COATED_OSMIUM;XIRECS;10006.0;6
823500;;;INTARIAN_PEPPER_ROOT;XIRECS;11864.0;8
825200;;;INTARIAN_PEPPER_ROOT;XIRECS;11863.0;4
825700;;;INTARIAN_PEPPER_ROOT;XIRECS;11863.0;6
829600;;;INTARIAN_PEPPER_ROOT;XIRECS;11850.0;7
831300;;;INTARIAN_PEPPER_ROOT;XIRECS;11858.0;3
832900;;;ASH_COATED_OSMIUM;XIRECS;9984.0;5
833100;;;INTARIAN_PEPPER_ROOT;XIRECS;11848.0;7
833200;;;INTARIAN_PEPPER_ROOT;XIRECS;11847.0;3
835700;;;ASH_COATED_OSMIUM;XIRECS;10003.0;8
836800;;;ASH_COATED_OSMIUM;XIRECS;9986.0;7
837100;;;INTARIAN_PEPPER_ROOT;XIRECS;11858.0;3
839300;;;INTARIAN_PEPPER_ROOT;XIRECS;11857.0;6
839700;;;ASH_COATED_OSMIUM;XIRECS;10002.0;4
842700;;;INTARIAN_PEPPER_ROOT;XIRECS;11844.0;3
843000;;;ASH_COATED_OSMIUM;XIRECS;9998.0;5
843300;;;ASH_COATED_OSMIUM;XIRECS;9988.0;5
843400;;;ASH_COATED_OSMIUM;XIRECS;9989.0;4
844800;;;INTARIAN_PEPPER_ROOT;XIRECS;11847.0;5
845300;;;ASH_COATED_OSMIUM;XIRECS;10007.0;3
845400;;;INTARIAN_PEPPER_ROOT;XIRECS;11847.0;7
845600;;;ASH_COATED_OSMIUM;XIRECS;9998.0;3
846000;;;INTARIAN_PEPPER_ROOT;XIRECS;11846.0;4
846500;;;INTARIAN_PEPPER_ROOT;XIRECS;11859.0;6
846900;;;ASH_COATED_OSMIUM;XIRECS;10007.0;2
847000;;;INTARIAN_PEPPER_ROOT;XIRECS;11859.0;5
847500;;;ASH_COATED_OSMIUM;XIRECS;10004.0;5
847500;;;ASH_COATED_OSMIUM;XIRECS;10004.0;7
847800;;;ASH_COATED_OSMIUM;XIRECS;9988.0;7
848300;;;ASH_COATED_OSMIUM;XIRECS;9988.0;5
851800;;;ASH_COATED_OSMIUM;XIRECS;10005.0;6
852300;;;ASH_COATED_OSMIUM;XIRECS;9988.0;3
852500;;;ASH_COATED_OSMIUM;XIRECS;9987.0;3
854100;;;INTARIAN_PEPPER_ROOT;XIRECS;11868.0;3
857500;;;INTARIAN_PEPPER_ROOT;XIRECS;11857.0;4
858300;;;INTARIAN_PEPPER_ROOT;XIRECS;11861.0;6
859700;;;ASH_COATED_OSMIUM;XIRECS;9990.0;4
861000;;;INTARIAN_PEPPER_ROOT;XIRECS;11867.0;4
861700;;;INTARIAN_PEPPER_ROOT;XIRECS;11865.0;7
861800;;;ASH_COATED_OSMIUM;XIRECS;10008.0;2
864800;;;ASH_COATED_OSMIUM;XIRECS;10010.0;8
865000;;;ASH_COATED_OSMIUM;XIRECS;9991.0;6
867800;;;ASH_COATED_OSMIUM;XIRECS;9991.0;3
869800;;;INTARIAN_PEPPER_ROOT;XIRECS;11884.0;7
870900;;;ASH_COATED_OSMIUM;XIRECS;10011.0;5
871500;;;ASH_COATED_OSMIUM;XIRECS;9995.0;2
871700;;;ASH_COATED_OSMIUM;XIRECS;10010.0;2
875600;;;INTARIAN_PEPPER_ROOT;XIRECS;11869.0;3
877800;;;INTARIAN_PEPPER_ROOT;XIRECS;11879.0;6
877900;;;ASH_COATED_OSMIUM;XIRECS;9994.0;7
878200;;;ASH_COATED_OSMIUM;XIRECS;10009.0;5
880800;;;ASH_COATED_OSMIUM;XIRECS;9995.0;4
883500;;;INTARIAN_PEPPER_ROOT;XIRECS;11856.0;5
887000;;;INTARIAN_PEPPER_ROOT;XIRECS;11863.0;4
887700;;;ASH_COATED_OSMIUM;XIRECS;10010.0;6
887700;;;INTARIAN_PEPPER_ROOT;XIRECS;11853.0;4
889100;;;INTARIAN_PEPPER_ROOT;XIRECS;11865.0;4
891000;;;INTARIAN_PEPPER_ROOT;XIRECS;11862.0;7
891400;;;INTARIAN_PEPPER_ROOT;XIRECS;11858.0;4
892900;;;ASH_COATED_OSMIUM;XIRECS;10011.0;8
893200;;;ASH_COATED_OSMIUM;XIRECS;9992.0;4
898100;;;INTARIAN_PEPPER_ROOT;XIRECS;11850.0;8
899200;;;ASH_COATED_OSMIUM;XIRECS;10008.0;5
899300;;;INTARIAN_PEPPER_ROOT;XIRECS;11861.0;6
901900;;;ASH_COATED_OSMIUM;XIRECS;10000.0;3
904700;;;ASH_COATED_OSMIUM;XIRECS;10005.0;3
904900;;;INTARIAN_PEPPER_ROOT;XIRECS;11869.0;5
905000;;;ASH_COATED_OSMIUM;XIRECS;9990.0;10
905100;;;ASH_COATED_OSMIUM;XIRECS;9990.0;4
905900;;;ASH_COATED_OSMIUM;XIRECS;10007.0;5
907400;;;INTARIAN_PEPPER_ROOT;XIRECS;11875.0;6
907500;;;INTARIAN_PEPPER_ROOT;XIRECS;11875.0;7
909400;;;ASH_COATED_OSMIUM;XIRECS;9988.0;4
909900;;;ASH_COATED_OSMIUM;XIRECS;10007.0;8
910800;;;INTARIAN_PEPPER_ROOT;XIRECS;11867.0;5
911200;;;ASH_COATED_OSMIUM;XIRECS;10006.0;2
912400;;;ASH_COATED_OSMIUM;XIRECS;10005.0;3
912400;;;INTARIAN_PEPPER_ROOT;XIRECS;11889.0;7
914700;;;INTARIAN_PEPPER_ROOT;XIRECS;11895.0;5
917900;;;ASH_COATED_OSMIUM;XIRECS;10005.0;5
918400;;;INTARIAN_PEPPER_ROOT;XIRECS;11907.0;7
919000;;;ASH_COATED_OSMIUM;XIRECS;9989.0;3
920300;;;INTARIAN_PEPPER_ROOT;XIRECS;11913.0;4
920700;;;ASH_COATED_OSMIUM;XIRECS;10004.0;3
920900;;;INTARIAN_PEPPER_ROOT;XIRECS;11915.0;5
921200;;;ASH_COATED_OSMIUM;XIRECS;10007.0;10
922500;;;INTARIAN_PEPPER_ROOT;XIRECS;11923.0;3
922600;;;INTARIAN_PEPPER_ROOT;XIRECS;11907.0;7
923500;;;ASH_COATED_OSMIUM;XIRECS;9989.0;3
923800;;;ASH_COATED_OSMIUM;XIRECS;9999.0;4
927200;;;INTARIAN_PEPPER_ROOT;XIRECS;11928.0;3
928300;;;ASH_COATED_OSMIUM;XIRECS;9988.0;3
928900;;;ASH_COATED_OSMIUM;XIRECS;9989.0;4
929500;;;ASH_COATED_OSMIUM;XIRECS;10005.0;2
929900;;;INTARIAN_PEPPER_ROOT;XIRECS;11933.0;7
930800;;;ASH_COATED_OSMIUM;XIRECS;9990.0;6
932600;;;ASH_COATED_OSMIUM;XIRECS;10006.0;10
933500;;;INTARIAN_PEPPER_ROOT;XIRECS;11942.0;6
934100;;;ASH_COATED_OSMIUM;XIRECS;10005.0;3
935900;;;ASH_COATED_OSMIUM;XIRECS;9989.0;8
936600;;;INTARIAN_PEPPER_ROOT;XIRECS;11935.0;8
937900;;;INTARIAN_PEPPER_ROOT;XIRECS;11933.0;6
938900;;;ASH_COATED_OSMIUM;XIRECS;10006.0;2
939400;;;ASH_COATED_OSMIUM;XIRECS;10006.0;6
939500;;;ASH_COATED_OSMIUM;XIRECS;10006.0;9
942700;;;INTARIAN_PEPPER_ROOT;XIRECS;11939.0;3
946100;;;ASH_COATED_OSMIUM;XIRECS;9994.0;10
947800;;;INTARIAN_PEPPER_ROOT;XIRECS;11939.0;6
948000;;;INTARIAN_PEPPER_ROOT;XIRECS;11952.0;6
948400;;;ASH_COATED_OSMIUM;XIRECS;10011.0;7
949400;;;ASH_COATED_OSMIUM;XIRECS;10011.0;2
949700;;;INTARIAN_PEPPER_ROOT;XIRECS;11957.0;4
956400;;;ASH_COATED_OSMIUM;XIRECS;9995.0;3
957400;;;INTARIAN_PEPPER_ROOT;XIRECS;11955.0;5
957900;;;INTARIAN_PEPPER_ROOT;XIRECS;11966.0;6
959100;;;INTARIAN_PEPPER_ROOT;XIRECS;11966.0;3
960200;;;ASH_COATED_OSMIUM;XIRECS;9997.0;4
964200;;;ASH_COATED_OSMIUM;XIRECS;10012.0;3
964800;;;INTARIAN_PEPPER_ROOT;XIRECS;11972.0;7
965400;;;INTARIAN_PEPPER_ROOT;XIRECS;11974.0;5
970000;;;INTARIAN_PEPPER_ROOT;XIRECS;11991.0;8
971100;;;ASH_COATED_OSMIUM;XIRECS;10010.0;5
973700;;;INTARIAN_PEPPER_ROOT;XIRECS;12013.0;5
974400;;;INTARIAN_PEPPER_ROOT;XIRECS;11999.0;7
974800;;;ASH_COATED_OSMIUM;XIRECS;10009.0;4
975300;;;ASH_COATED_OSMIUM;XIRECS;9994.0;2
975700;;;ASH_COATED_OSMIUM;XIRECS;10010.0;3
976300;;;INTARIAN_PEPPER_ROOT;XIRECS;12020.0;5
976500;;;ASH_COATED_OSMIUM;XIRECS;9991.0;6
976700;;;INTARIAN_PEPPER_ROOT;XIRECS;12021.0;3
977200;;;INTARIAN_PEPPER_ROOT;XIRECS;12012.0;5
978200;;;INTARIAN_PEPPER_ROOT;XIRECS;12025.0;6
978400;;;ASH_COATED_OSMIUM;XIRECS;9992.0;3
981000;;;ASH_COATED_OSMIUM;XIRECS;10012.0;5
981200;;;INTARIAN_PEPPER_ROOT;XIRECS;12020.0;3
982800;;;INTARIAN_PEPPER_ROOT;XIRECS;12020.0;6
984300;;;ASH_COATED_OSMIUM;XIRECS;10012.0;4
985500;;;ASH_COATED_OSMIUM;XIRECS;9996.0;3
986400;;;ASH_COATED_OSMIUM;XIRECS;10012.0;3
986800;;;ASH_COATED_OSMIUM;XIRECS;9995.0;6
987300;;;ASH_COATED_OSMIUM;XIRECS;10011.0;6
987400;;;INTARIAN_PEPPER_ROOT;XIRECS;12022.0;3
989100;;;ASH_COATED_OSMIUM;XIRECS;9994.0;2
989700;;;INTARIAN_PEPPER_ROOT;XIRECS;12025.0;4
990900;;;INTARIAN_PEPPER_ROOT;XIRECS;12024.0;6
991400;;;ASH_COATED_OSMIUM;XIRECS;9993.0;9
993300;;;ASH_COATED_OSMIUM;XIRECS;9994.0;5
994200;;;INTARIAN_PEPPER_ROOT;XIRECS;12023.0;3
995100;;;INTARIAN_PEPPER_ROOT;XIRECS;12031.0;7
995400;;;ASH_COATED_OSMIUM;XIRECS;10010.0;6
997000;;;ASH_COATED_OSMIUM;XIRECS;9992.0;4
